3225 5175
365 488 790 630 nrrsnounnnnr
832 545 917 628 An
960 542 1343 630 annullans
1446 547 1450 560 ·

709 755 877 854 LIB'ER
909 756 992 820 XIV.

299 1221 312 1270 l
328 1146 495 1201 TULLIUS
512 1147 726 1205 TERENM
741 1115 1064 1279 8118ῧὸΨέῌοΒῶ
1081 1151 1177 1219 SUAE,
1193 1151 1381 1207 CICERONI

331 1337 545 1393 Annuusrrrurr.
569 1340 615 1394 Ab
635 1343 715 1396 exule
732 1346 838 1414 sumpta,
876 1343 1073 1406 dumnotinae,
1093 1341 1167 1408 Piso,
1177 1342 1220 1395 rel
1232 1343 1328 1412 potius,
1341 1339 1417 1412 Ipse:

296 1417 422 1484 querula3
440 1415 538 1470 deinde
550 1418 584 1470 de
594 1435 641 1486 spe
650 1423 839 1488 restitutionis,
875 1421 1054 1475 utdueodem
1063 1422 1222 1489 accipiatur:
1234 1421 1417 1486 enjusuomen

296 1497 436 1561 uteunque
445 1494 561 1560 exigua:
580 1496 614 1547 do
623 1497 731 1564 tamilla,
738 1499 772 1551 de
779 1516 840 1568 pes-
876 1501 962 1554 omitti
974 1499 1070 1569 potuit,
1088 1515 1152 1552 eum
1166 1499 1301 1553 Terentiae
1316 1499 1418 1561 litteris,

295 1569 409 1634 tilentia,
429 1569 533 1622 Planeii
551 1571 650 1636 officiis,
672 1572 775 1628 Pisonis
790 1575 840 1631 bu·
876 1579 909 1632 L.
919 1578 1053 1643 Pisonem,
1061 1577 1200 1631 Ciceronis
1207 1573 1418 1641 inimicum‚ejus

298 1648 615 1717 minteetslinsgit
636 1650 839 1720 Terentiaenni,
876 1655 939 1710 anni
956 1656 1102 1720 consulem,
1119 1656 1153 1709 ud
1170 1655 1361 1708 Macedoniani
1378 1667 1418 1706 re-

298 1741 335 1779 ex
346 1741 436 1790 sensu,
446 1725 555 1779 inscribi
565 1727 660 1781 debuit
674 1728 841 1802 baaeepisto-
877 1734 992 1802 gendum
999 1734 1153 1802 propediem
1161 1734 1261 1786 iturum
1269 1732 1419 1799 significan-

299 1805 335 1856 la.
371 1803 609 1859 Amuceun
877 1811 1159 1880 tibur-responderet.
1194 1809 1347 1873 Nominum,
1371 1808 1419 1878 qui

334 1878 473 1954 Terentio]
491 1881 669 1954 Haeeqnnter
685 1887 785 1955 nupsit,
795 1887 842 1941 ci.
878 1882 974 1935 nonnul
1000 1881 1089 1934 adbuo
1119 1885 1184 1948 erat,
1210 1897 1267 1934 non
1289 1878 1418 1934 audebat.

300 1959 401 2023 neroni,
417 1959 544 2013 Sallustio
563 1961 696 2030 bistorioo,
713 1965 840 2019 Messala
878 1960 966 2014 luant.

300 2035 425 2102 Corvino,
437 2037 520 2092 Vibio
532 2039 611 2094 lluln.
629 2041 684 2095 Diu
694 2042 740 2096 lib.
748 2043 843 2098 LVII.
914 2038 1033 2106 Ρίωπὺ]
1051 2039 1083 2092 G·
1102 2040 1241 2109 Calpurnii
1262 2039 1366 2092 Pisonis
1384 2037 1419 2092 1¹·

299 2118 330 2168 et
349 2117 385 2170 D.
404 2117 586 2186 Hieronymus
607 2120 653 2174 lib.
672 2120 694 2174 t
715 2122 843 2175 aduersus
880 2117 935 2184 lilii,
946 2117 1040 2187 Frugi,
1051 2119 1189 2172 Ciceronis
1200 2119 1299 2187 generi.
1320 2117 1407 2170 Iners.

298 2195 480 2251 lovinionum.
497 2197 579 2251 Vixit
592 2215 677 2254 annos
696 2205 755 2256 lou.
773 2201 843 2256 Plio.
918 2197 993 2252 Volui
1020 2215 1072 2251 erse
1095 2216 1171 2268 quom
1197 2191 1422 2268 conjunctissimos]

299 2275 347 2328 lib.
359 2275 427 2329 Vll.
440 2281 552 2345 caps&
587 2278 668 2333 Man.
881 2276 1030 2330 Diseordine
1040 2275 1124 2342 igitur
1134 2275 1236 2344 alluuid
1249 2276 1318 2327 inter
1329 2275 1364 2339 Q.
1373 2273 1424 2327 lra-

335 2353 843 2429 &mprisaamfflootemporoanuum
881 2360 957 2418 nem,
969 2358 998 2406 et
1006 2353 1162 2405 Terentiam
1171 2352 1305 2405 extiterat.
1335 2353 1421 2406 Inna.

302 2433 400 2502 agebat
410 2434 499 2488 ashur
507 2451 564 2488 suae
574 2435 670 2490 cinero
686 2437 756 2489 lilius
770 2441 844 2491 oeta·
918 2431 1009 2486 Vinum
1025 2430 1195 2494 venditae-ron]
1216 2429 1256 2483 Ut
1266 2430 1330 2483 mihi
1343 2445 1425 2499 ΡΜ·

244 2523 247 2532 ·
301 2527 374 2566 rum.
401 2512 569 2569 Natusenim
579 2521 638 2569 erat
648 2516 730 2570 Cotta
740 2521 769 2570 et
777 2517 845 2570 'l'or-
881 2507 1134 2579 niamsuppeditare
1141 2509 1233 2576 nussia
1246 2508 1333 2561 Iners.
1344 2508 1425 2562 Hane

303 2596 387 2663 quatu
395 2608 463 2647 oona.
473 2599 506 2647 nt
517 2610 552 2648 ox
565 2612 608 2664 ep.
621 2595 645 2649 l.
655 2596 702 2649 lib.
713 2596 738 2649 l.
750 2596 784 2651 ml
794 2597 845 2651 At.
882 2590 1044 2659 elegantiam
1052 2587 1154 2641 reddidi
1163 2586 1262 2651 Tullio,
1271 2592 1299 2640 et
1307 2587 1350 2641 bie
1362 2600 1426 2643 ean-

303 2671 388 2725 tieum
396 2673 461 2725 linet
470 2674 627 2742 intelligere.
662 2674 750 2729 Innrr.
883 2672 945 2725 dem
955 2669 1095 2723 vindiuant
1107 2666 1243 2720 Palatinus
1251 2666 1361 2735 primus,
1369 2667 1427 2720 Va·

338 2749 383 2803 De
384 2748 505 2821 foralia]
523 2751 665 2813 Deseruis.
676 2770 744 2821 quos
753 2758 847 2823 postea
883 2748 965 2803 tieani
975 2751 1111 2817 excerpta,
1122 2744 1237 2797 Victorii
1248 2744 1338 2799 editio.
1364 2746 1425 2799 Ple·

302 2828 432 2891 liberarit,
444 2829 590 2881 veritusne
605 2844 669 2883 eum
681 2834 787 2886 euteria
796 2833 848 2887 bo-
884 2827 938 2880 beii
951 2824 1094 2895 magistelli
1112 2822 1241 2885 lecerunt,
1255 2823 1423 2878 venditionum.

304 2904 346 2959 nia
357 2904 565 2973 publicarentur.
583 2907 635 2976 Ep.
644 2913 671 2963 4.
706 2910 786 2965 Man.
885 2906 1037 2959 Granum.
1066 2901 1110 2955 De
1131 2901 1260 2955 similibus
1277 2902 1425 2971 elegantiis,

339 2980 475 3051 lerer'ur]
485 2983 536 3036 Cn.
548 2984 684 3050 Plancius,
695 2990 848 3059 qnaestorin
885 2985 946 3038 ride
958 2983 1086 3045 Gellium,
1097 2980 1120 3033 I.
1130 2985 1162 3035 7.·

304 3060 486 3115 Maoudouia:
511 3079 632 3135 proquo
652 3071 730 3119 extat
752 3069 846 3123 umtio.
920 3063 1042 3133 Effme]
1060 3060 1094 3114 ld
1104 3062 1176 3129 quud
1186 3060 1254 3113 ellici
1264 3074 1332 3129 opus
1339 3065 1387 3128 ost,
1395 3064 1426 3115 ut

305 3139 378 3192 Vide
390 3143 488 3192 eleum
500 3142 688 3210 pertraditum
705 3146 733 3198 in
750 3152 847 3202 senatu
885 3158 936 3211 ego
946 3143 975 3195 in
987 3142 1038 3194 hae
1058 3138 1154 3193 misera
1169 3137 1276 3191 lurtnua
1293 3154 1349 3192 non
1366 3154 1427 3208 ego-

306 3216 434 3273 bsbitam.
470 3220 558 3274 Iners.
886 3236 938 3274 am.
974 3220 1062 3275 Inna.

341 3296 438 3369 Hispo]
456 3297 512 3353 Hie
528 3300 650 3355 nonnulli
667 3305 772 3356 veteres
788 3302 848 3357 libri
921 3298 1017 3355 Breuis
1024 3295 1163 3369 emanue
1173 3291 1223 3367 erl]
1240 3295 1428 3350 Forearbitror

307 3374 416 3439 trabem,
423 3372 498 3445 Ipso:
515 3376 649 3450 alii‚Ipse.·
661 3380 849 3450 quinquenos-
886 3384 918 3434 ut
939 3380 1014 3433 brevi
1036 3378 1140 3432 litteras
1163 3380 1266 3429 vestran
1287 3376 1427 3447 anuinium.

183 3518 188 3526 ,
307 3452 454 3525 &effim-
489 3456 596 3511 Exbao
611 3460 741 3514 variante
757 3461 849 3530 legen·
886 3458 1049 3513 Masurius.

308 3712 328 3763 2
359 3636 526 3692 'IULHUS
542 3639 753 3697 TERENTIAE
770 3640 868 3767 8ἓῶ
879 3638 1099 3767 ξῦῦιῐιΙΟῘιΕ,
1117 3633 1169 3689 ΕΤ
1186 3633 1373 3689 CICERONI

344 3830 419 3885 Ano.
436 3829 600 3885 Bonnam
610 3832 758 3886 litterarum
769 3848 852 3887 exeu-
924 3832 973 3887 Aa
989 3826 1114 3885 Tubulum
1130 3819 1272 3895 Valeriam]
1293 3822 1386 3877 Locus
1402 3823 1432 3878 ln

311 3913 368 3964 sat:
380 3910 485 3963 Flsonis
492 3910 792 3982 generioffioialaudat:
804 3912 853 3965 do-
890 3910 947 3965 loru
959 3910 1017 3976 luit,
1025 3924 1080 3979 quo
1086 3903 1185 3959 tribuni
1193 3902 1279 3971 plebis
1287 3902 1432 3956 eonvenite

310 3990 351 4043 lot
366 3988 501 4043 Tarentus
516 3986 615 4041 vinem:
633 3992 710 4056 rogat
725 4004 760 4042 ne
775 4006 853 4044 suam
891 3988 962 4042 soliti
975 3991 1046 4041 suna
1065 3984 1100 4039 In
1111 3981 1262 4049 Vatinium,
1278 3996 1304 4034 o.
1315 3986 1342 4035 9.
1368 3980 1433 4035 Ma·

312 4067 404 4121 dotem
414 4064 546 4137 projiciat,
555 4070 584 4118 et
594 4071 626 4120 nt
637 4066 786 4120 valetudini
794 4083 852 4121 sure
892 4080 1004 4121 surius.

312 4148 444 4200 eonsulat.
478 4144 557 4198 Am
568 4144 713 4200 U.c.69b.
926 4142 970 4197 De
978 4138 1051 4214 oreo]
1070 4140 1172 4195 Everaa
1182 4139 1255 4193 enim
1265 4139 1354 4204 domo,
1372 4154 1434 4191 ama

346 4221 457 4297 Tora'ds]
475 4223 554 4288 Quod
574 4238 590 4274 e
612 4223 698 4292 patria
717 4223 853 4279 discedere
892 4226 1044 4291 supererat:
1076 4236 1137 4290 qum
1161 4224 1256 4288 postea
1278 4232 1383 4271 reverso
1404 4216 1434 4269 in

314 4304 446 4369 maluerit,
455 4319 537 4374 quam
546 4303 777 4357 urmiadeeartare.
790 4302 854 4357 Mn·
893 4301 1006 4369 patriam
1018 4299 1142 4351 Ciceroni
1157 4300 1281 4350 restituta
1294 4298 1343 4359 est,
1353 4297 1382 4346 et
1390 4310 1434 4347 su·

314 4394 425 4436 surius.
585 4418 587 4422 ·
893 4379 1013 4447 perficies
1026 4378 1166 4431 mstImata
1201 4376 1288 4428 Inna.

270 4508 274 4512 .
349 4458 377 4510 A
390 4457 483 4523 Vm]
500 4456 752 4529 Atenrplol'estaa.
789 4459 856 4524 Qui-
928 4449 1251 4526 Sieonfioiurrnegotiuru]
1259 4450 1292 4503 ‘Si
1302 4451 1435 4505 restituor.

315 4536 380 4589 daur
389 4538 484 4605 legunt
493 4557 511 4591 a
523 4538 607 4607 Vesta,
623 4538 652 4593 id
668 4540 718 4607 est,
735 4536 817 4593 alarn
828 4541 858 4592 et
929 4533 1065 4606 Reliquias
1075 4530 1145 4605 tuas]
1157 4530 1228 4595 Quo
1238 4529 1436 4584 tibitaeultates

315 4612 384 4669 loeo
419 4614 511 4671 barra.
643 4640 648 4656 ·
894 4614 1005 4683 relique
1017 4616 1089 4683 sunt,
1098 4608 1287 4667 amissismein.
1321 4609 1409 4663 Inna.
