3225 5175
505 319 567 375 ln
591 316 892 375 ranimirus
916 322 1005 377 arn.
1026 323 1050 376 1.
1282 326 1332 397 23

257 458 458 533 immam]
469 456 760 531 tpaieaiuehoevitst
786 502 789 509 .
829 456 995 533 Poaspeisaa]
1016 460 1079 527 Quo
1098 463 1210 518 concub
1227 463 1337 522 comiti·

219 540 298 595 aliem
308 541 441 594 Venerem
452 539 525 605 Cois,
531 543 704 607 superaturus
711 540 760 593 eti·
795 538 1335 613 habentesupericreproximoanncprse-

205 632 262 671 ‘am
274 618 348 673 illam
354 634 433 673 suan
440 617 566 687 priorem:
584 614 760 671 inviditrncrs
796 623 839 671 tor
849 617 976 673 Vatinius
986 626 1093 673 meatus
1108 625 1158 685 est,
1175 620 1218 673 Μ.
1231 622 1335 676 Catone

211 700 329 766 ,peracta
347 700 431 767 parte,
452 712 513 761 nec,
536 694 583 763 qul
604 694 762 747 succederet
795 694 911 763 rejecto:
929 696 975 766 qui
989 712 1051 751 cum
1060 702 1123 751 ante
1134 697 1276 753 Vatinium
1286 717 1335 768 po·
1356 763 1363 777 Ι

219 776 293 843 operi
312 775 346 829 cd
362 773 516 845 prescripta
530 772 699 838 lineamenta,
721 772 762 825 in·
795 774 854 842 puli
870 774 1003 842 suffragiis
1021 780 1119 843 praetor
1135 776 1220 841 tieret,
1239 779 1334 841 consul

219 856 378 909 ventarent.
414 842 487 904 Fiet
498 846 630 903 XXXV.
641 852 683 902 lt).
795 850 949 919 Pompeius,
957 853 1335 920 auspiclamcntiluacomitia
1442 910 1445 919 ,

255 928 414 994 mmm]
433 930 504 982 Cam
525 929 553 979 in
572 927 607 981 1..
627 926 761 980 Saturnini
796 928 927 983 dissoluit.
953 929 1076 995 Quodsi,
1087 948 1172 999 augur
1180 938 1334 1000 cumemt,

219 1010 307 1079 legem
317 1010 351 1063 de
363 1006 539 1078 agrcGallicc
551 1005 704 1070 dividendo,
715 1020 763 1073 per
794 1006 857 1073 jure
865 1007 1006 1061 sacerdotii
1015 1008 1122 1063 licebat.
1140 1011 1335 1065 Plutarchusin

219 1088 378 1151 viminum,
385 1085 477 1152 jurare
488 1083 581 1147 noluit,
600 1087 630 1136 et
644 1084 673 1135 in
687 1080 763 1134 exili·
798 1084 937 1153 Pompeio,
950 1084 1116 1141 Diolibnc.
1149 1087 1267 1144 Minor.

220 1181 269 1223 uns
279 1166 363 1231 ubire,
374 1180 453 1233 quam
465 1163 499 1215 de
510 1178 559 1215 sua
569 1161 705 1215 sententia
717 1160 763 1213 ds-
833 1159 1017 1236 Dfferrderesrs]
1037 1165 1187 1229 Accusatus
1203 1172 1244 1219 est
1259 1168 1337 1221 Vati-

221 1245 327 1311 cedere,
337 1243 439 1297 mduit
456 1239 614 1295 Plutarchus
624 1238 652 1292 in
662 1236 761 1293 Mario.
798 1238 870 1305 nius,
883 1244 915 1293 ut
925 1241 964 1293 ait
970 1240 1105 1295 Pedianus
1113 1243 1141 1296 in
1153 1245 1336 1301 commentarii

222 1323 304 1379 Mra.
797 1319 1336 1394 proaemiccrstionisprcScsuro‚Appio

257 1392 552 1469 Basoroproioadrna]
577 1393 682 1449 ironis:
700 1409 762 1462 quas
798 1401 827 1449 et
844 1396 965 1451 Domitio
984 1414 1052 1451 coss.
1072 1398 1101 1452 id
1121 1405 1171 1461 est,
1193 1416 1247 1468 quo
1265 1417 1336 1455 annc

221 1478 339 1545 negandi
347 1478 400 1531 vim
408 1476 494 1541 habet,
503 1491 566 1529 eum
572 1472 699 1527 affirmare
707 1487 763 1523 vcr-
799 1474 904 1543 sempsit
921 1473 1104 1529 Cicsrc'banc
1119 1478 1275 1545 epistolam:
1291 1497 1337 1537 an·

221 1556 356 1609 batanea
367 1556 424 1624 ipsa
437 1554 585 1608 videantur.
618 1550 663 1603 Sic
675 1548 763 1616 Virgi-
799 1557 911 1605 namtas
921 1558 1013 1607 antem
1023 1570 1041 1606 s
1050 1554 1082 1606 C.
1093 1555 1200 1610 licinio
1208 1557 1291 1611 Calvo
1302 1560 1337 1612 ds

221 1635 275 1699 lius
297 1634 343 1687 lib.
359 1638 386 1688 4.
404 1631 512 1687 AEneid.
540 1628 687 1701 Egregium
703 1644 763 1681 sero
800 1629 912 1697 ambita,
931 1632 996 1700 quia
1013 1633 1139 1700 pretoria
1154 1635 1265 1689 comitis
1280 1652 1338 1690 ccr-

221 1710 388 1779 larndemtrc.
422 1709 510 1764 losa.
748 1714 751 1719 '
799 1709 921 1778 rupisset
955 1710 1043 1765 Iners.

253 1788 391 1861 mam]
429 1789 537 1843 Patrem
555 1785 623 1855 ejus,
644 1800 692 1855 pro
710 1798 764 1852 quo
836 1786 1038 1856 Ubinistenffl
1055 1788 1196 1859 Hispaniae
1206 1792 1268 1846 duae
1279 1794 1337 1848 iue-

221 1873 297 1927 extat
308 1868 430 1922 mutilata
439 1865 575 1931 Ciceronis
586 1864 678 1916 oratic.
700 1860 745 1914 ΙΙ).
799 1870 871 1929 rant,
886 1866 999 1935 citerior,
1016 1871 1044 1920 ct
1053 1869 1177 1923 ulteriore
1193 1870 1237 1924 lsic
1252 1872 1287 1924 dc
1298 1874 1336 1927 ci·

256 1945 420 2008 Hominibus]
449 1943 556 1998 Vocem
577 1942 647 1996 banc
670 1940 763 1993 dolen·
799 1944 894 1997 teriora
914 1945 1113 2014 accipiendam
1133 1950 1179 2002 cai
1199 1950 1337 2018 praefuisse

222 2026 360 2089 cluniense,
372 2023 482 2089 conjicit
491 2020 616 2075 Graevius
627 2034 662 2071 ex
673 2016 742 2071 Mss-
800 2038 864 2076 cum
883 2022 996 2091 irnperio
1014 2024 1170 2089 lentulum,
1191 2044 1271 2097 supra
1289 2032 1336 2084 de-

257 2100 499 2165 Scllieitadeoewt
521 2096 764 2159 carminibus
798 2106 975 2155 menstruam
993 2109 1034 2155 est
1054 2103 1088 2155 iis
1105 2105 1201 2170 verbis,
1225 2106 1290 2160 tissa
1307 2118 1337 2160 ss

224 2195 288 2235 eam
310 2178 486 2248 splendorem,
509 2192 622 2245 eamque
646 2172 762 2243 speciem
800 2179 955 2249 Hispaniam
963 2179 1338 2253 citerioremeasaisapesioob-

225 2262 310 2309 tueor.
345 2254 444 2307 Gnnv.
797 2258 899 2310 caereo
934 2255 1051 2311 Minor.

261 2326 763 2403 coepmmeaeponere1011menimsec
833 2334 970 2400 nimiu]
988 2334 1070 2398 Quod
1080 2338 1152 2391 eninr
1170 2340 1201 2392 P.
1212 2340 1338 2402 Clodium
1381 2390 1390 2407 ‚

224 2412 335 2465 lentiam
343 2412 463 2465 Platonis
474 2410 604 2479 posuisset
613 2407 645 2460 dc
657 2420 765 2471 eorrup-
799 2414 910 2483 quidam
927 2414 1078 2483 optimates,
1096 2416 1234 2471 Ciceronis
1251 2418 1341 2471 inimi·

224 2491 258 2545 tis
270 2490 419 2560 principum
435 2487 559 2558 exemplo
576 2486 687 2551 civibus,
704 2496 764 2535 eam
800 2506 873 2557 oum,
891 2492 950 2559 ipso
967 2498 1099 2560 presente
1116 2496 1341 2563 amplexarentur,

223 2574 256 2627 nt
266 2570 398 2640 probaret,
417 2568 455 2622 ita
466 2567 545 2636 longe
562 2566 696 2635 digressus
715 2564 765 2626 est,
800 2569 830 2622 in
841 2570 964 2624 manibus
974 2570 1110 2637 haherent,
1121 2572 1248 2637 soverent,
1261 2589 1341 2628 Μ..

222 2650 336 2703 iadanta
352 2647 604 2712 commemoratione
616 2645 658 2698 sui
670 2656 767 2695 consu·
801 2649 927 2716 iurentur,
945 2655 977 2702 nt
987 2650 1012 2702 ei
1024 2651 1191 2704 stomachum
1205 2652 1338 2707 lacerent:

223 2728 303 2792 latus,
321 2733 352 2779 ut
367 2742 383 2778 a
399 2723 535 2795 proposito
553 2721 672 2777 nonnihil
691 2719 766 2772 aber·
801 2731 950 2795 propterea,
964 2732 997 2780 ut
1010 2744 1103 2780 comm
1113 2731 1337 2783 consuetudinem

222 2805 434 2860 rassevideatur.
469 2803 564 2872 ltaque
584 2800 762 2854 narrationem
799 2803 956 2869 imitaretur,
965 2810 993 2858 ot
1003 2805 1080 2874 qnasi
1091 2821 1140 2874 par
1154 2807 1213 2875 pari
1223 2808 1339 2871 referret,

222 2882 452 2950 interruptam,ab
469 2882 521 2934 alio
539 2888 667 2950 tanquam
688 2891 763 2930 orsus
799 2882 858 2949 ipse
875 2898 992 2952 quoquc,
1013 2883 1147 2938 bominem
1165 2887 1339 2953 optimatibus

223 2962 362 3032 principio,
372 2961 479 3016 retexit.
513 2959 592 3014 blan.
800 2961 916 3014 invisum
927 2961 1069 3015 Vatinium
1080 2963 1209 3016 defendit.
1231 2964 1320 3020 lnnss.

259 3035 551 3112 Tabello]lnjudiciis:
570 3053 633 3090 clim
646 3034 765 3087 absolve-
835 3035 971 3111 Emaaoelw]
989 3041 1062 3093 Actu
1074 3040 1128 3094 ffl-
1139 3057 1212 3095 scen,
1227 3047 1251 3096 l,

226 3124 297 3183 runt,
316 3134 384 3188 quos
403 3117 524 3170 damnari
545 3113 669 3184 oportuit.
707 3112 764 3163 Neo
835 3115 937 3189 Severe]
955 3119 1040 3183 Quasi
1057 3120 1091 3172 de
1102 3120 1236 3186 gravibus,
1253 3123 1340 3176 seriis-

225 3197 327 3258 dubim,
347 3195 413 3264 quin
428 3195 471 3247 lrie
484 3195 578 3247 Cicero
596 3193 658 3244 Sex.
669 3189 765 3252 Clodii,
801 3212 854 3266 que
866 3197 1013 3250 rebuscurn
1025 3213 1059 3249 eo
1068 3198 1246 3253 deliberaturi.
1259 3203 1340 3256 Mla.

224 3275 406 3328 nocentissimi
425 3272 547 3332 hominis.
571 3271 765 3344 absolutionem
837 3271 1105 3346 Magnajamgmia]
1127 3275 1341 3334 venusinum

225 3351 367 3418 significet,
383 3366 462 3418 qoem
479 3355 631 3402 serratorum
644 3364 711 3400 urna
722 3361 767 3398 00·
802 3351 887 3406 inerat
905 3354 1033 3416 simultas,
1053 3355 1093 3406 vel
1106 3360 1200 3408 exorta
1210 3357 1341 3413 Cicerone

226 3429 302 3497 plone
314 3428 434 3492 absolvit,
452 3427 486 3479 ad
498 3444 565 3496 quos
576 3426 696 3493 dirigitur
707 3426 766 3476 llaeti
802 3433 919 3495 consule,
931 3447 994 3484 cum
1003 3431 1114 3484 Crassus
1122 3433 1246 3488 Catilinae
1256 3439 1342 3490 consi.

225 3509 285 3560 tcta
296 3506 419 3560 narratio.
454 3503 525 3558 Vide
541 3505 618 3572 epiat.
629 3507 653 3556 6.
667 3503 712 3558 lib.
727 3501 766 3556 ll.
802 3509 896 3562 liorum
915 3511 1049 3578 particeps
1070 3527 1128 3564 esse
1144 3519 1289 3581 putaretur,
1309 3523 1341 3568 ut

226 3586 261 3637 ad
275 3584 310 3648 Q.
324 3585 368 3638 Fr.
402 3583 489 3637 iners.
802 3585 1080 3653 historiaedeclarant;
1096 3590 1149 3653 rel,
1166 3593 1341 3659 utegoarbi-

261 3657 353 3734 Plato]
371 3662 404 3715 In
417 3662 533 3714 Critone.
803 3668 1118 3734 tror‚multoante‚cum
1130 3669 1342 3723 Ciceroabadc·

261 3741 348 3811 Neque
358 3741 460 3812 integre
471 3735 513 3812 re]
533 3736 642 3805 integre
662 3737 766 3790 Platoni
802 3745 933 3797 lescentia
943 3761 1000 3806 sua,
1018 3750 1049 3798 ut
1059 3745 1086 3798 iu
1102 3745 1152 3798 bac
1163 3749 1276 3816 epistola
1282 3747 1341 3814 J'am

224 3835 269 3872 res
281 3819 330 3872 suit
346 3819 380 3871 ad
398 3816 608 3878 consulendum
626 3817 689 3886 quia
700 3832 767 3867 nun·
803 3822 881 3886 dixit,
889 3822 1009 3891 Pompeii
1018 3824 1106 3876 fautor
1114 3826 1255 3888 extitisset,
1264 3825 1342 3877 Cras·

226 3911 309 3968 quarn
328 3895 417 3964 attigit
436 3895 566 3966 rempubl.
602 3894 683 3959 Quod
703 3893 766 3946 milri
803 3915 916 3968 numque
932 3917 1014 3969 saepe,
1034 3909 1066 3954 ut
1083 3918 1126 3972 ep.
1142 3909 1182 3956 12.
1198 3904 1244 3955 lib.
1263 3902 1287 3954 l.
1306 3903 1341 3955 ad

225 3991 281 4030 non
301 3975 429 4043 contigit3
446 3974 493 4044 qui
511 3990 575 4028 cunr
591 3989 674 4042 remp.
687 3977 767 4024 antea
803 3978 924 4032 Atticam
933 3979 1045 4046 scripsit,
1056 3979 1083 4032 in
1092 3981 1254 4048 Pompeiana
1262 3979 1341 4033 laude

225 4057 393 4117 tractassem,
410 4057 549 4144 propterca
566 4051 767 4120 implicataste·
802 4056 1015 4124 perstrinxisset:
1040 4057 1067 4110 io
1087 4059 1210 4110 suasione
1232 4057 1341 4123 quidem

226 4133 315 4186 nebar.
351 4131 469 4185 Minor.
802 4134 870 4202 legis
886 4133 1017 4197 Maniliae,
1036 4137 1143 4189 laudem
1157 4133 1342 4205 servilisbelli,

262 4209 442 4278 Discesserim]
455 4207 539 4262 Vobis
548 4207 675 4277 exceptis,
688 4223 766 4260 nemo
803 4211 893 4264 Crassi
914 4211 1011 4265 virtute
1033 4212 1157 4275 contecti,
1184 4225 1282 4280 magne
1306 4230 1343 4268 ex

228 4293 277 4354 est,
294 4289 339 4344 cui
350 4288 461 4357 perinde
479 4305 510 4342 sc
524 4288 625 4342 Caesari
643 4287 764 4341 debeam.
802 4293 878 4358 parte
887 4290 921 4343 ad
931 4289 1087 4360 Pompeium
1094 4287 1225 4343 transfert.
1238 4292 1343 4344 Primus

230 4367 317 4426 Iners,
439 4425 440 4428 ,
804 4367 861 4420 dios
883 4384 930 4420 eos
950 4369 979 4420 in
1000 4368 1114 4436 gratim
1137 4367 1251 4434 reduxit,
1280 4386 1342 4422 eam

268 4443 374 4500 Reditm
394 4446 568 4500 intercesserat
589 4445 618 4498 io
640 4441 767 4517 gratiam]
803 4445 1344 4516 Crassusinsenatu,praesentePompeio,

232 4521 424 4578 Reconeibetio
433 4526 617 4580 intervenerat.
653 4523 738 4578 Caci.
805 4521 1343 4594 aMilbridaticobelloprorirnerererso,
