3225 5175
605 322 972 445 semsnnrou'ss'.
1280 378 1352 454 Μ

238 517 372 587 «lemelia
383 516 580 579 nostradnxitt
598 518 720 585 quamsi
729 518 779 576 tibi
815 518 1009 588 uesperum
1016 518 1359 591 minwenuemput,

237 593 566 668 probarevelimmandioe
573 592 780 665 Leetor‚utho-
814 601 844 650 et
862 604 975 667 patrono
995 597 1050 667 ipsi
1070 614 1141 663 meo,
1161 599 1229 653 dum
1246 600 1360 664 Petrum

237 672 780 739 noriemeiosuaaseneeupin,vetustior
816 682 927 730 senetur
946 676 982 729 ad
1002 680 1064 733 nori
1084 676 1223 731 Pontificio
1245 679 1360 734 uento

237 754 303 807 mihi
313 754 443 810 memoris
454 750 602 821 repetenda
612 756 663 805 est.
696 753 780 807 Nam-
815 768 880 807 uem
905 758 1072 808 convocatus
1096 759 1177 819 esset,
1198 770 1305 823 resque,
1326 758 1359 812 ut

236 848 290 903 qne
306 832 341 887 ab
357 831 421 885 hine
435 844 520 885 annos
535 829 616 897 poulo
635 830 696 898 plus
713 830 781 883 ‹lno-
817 847 889 901 saepe
901 831 1010 899 recidit,
1021 834 1129 901 longius
1140 833 1300 887 duceretur:
1317 849 1359 887 re·

236 909 334 975 desim,
346 926 409 963 oum
420 908 552 977 optimum
564 910 593 958 et
604 906 780 961 clarissimum
816 911 928 979 pentina
937 910 1110 980 qnaedemxie
1119 912 1212 975 morbi,
1221 911 1360 980 inoptima

236 990 324 1043 suum
335 988 479 1041 Nicolaum
493 984 640 1039 Rodullnm
652 986 781 1041 Cardine·
817 1004 865 1056 epe
885 989 1008 1043 altissimi
1029 989 1128 1057 gradus
1151 989 1275 1054 oiritetis,
1294 990 1358 1043 vitu

236 1067 290 1121 lem
300 1072 446 1137 patronum
458 1062 780 1128 meum,decnsetorna·
816 1064 899 1124 finem
922 1067 1023 1130 attulit,
1043 1073 1072 1121 et
1091 1067 1182 1121 studit
1202 1068 1248 1121 illa
1268 1072 1360 1125 nostra

237 1152 360 1211 mentum
383 1144 482 1199 ordinis
505 1143 585 1205 illins,
608 1142 780 1199 Balnearium
816 1144 950 1197 restinxit.
970 1146 1143 1213 Quapropter
1154 1161 1239 1205 anuos
1248 1146 1360 1214 aliquot,

235 1228 347 1279 secutos
365 1239 468 1278 essem:
487 1239 540 1292 qno
557 1238 586 1275 se
606 1222 649 1275 ille
667 1225 780 1290 quotan-
816 1223 932 1277 litteram
940 1224 1007 1278 eoin
1015 1238 1114 1291 genere
1124 1225 1226 1277 nnllam
1234 1223 1359 1279 fecimus.
1396 1254 1400 1260 ·

236 1304 288 1368 nis,
308 1300 418 1369 prolatis
434 1302 515 1355 rebus
533 1298 706 1353 eonferebnt:
726 1315 780 1354 nou
816 1301 898 1365 Nam,
910 1303 961 1363 etsi
971 1302 1000 1355 in
1011 1300 1206 1356 hieinrlormire
1216 1305 1360 1371 nouplaue

236 1381 327 1449 modo,
346 1386 377 1433 ut
400 1379 507 1433 sesti'vos
528 1378 628 1432 umores
646 1378 778 1431 Romanae
816 1379 899 1443 soleo,
918 1384 1039 1434 stramen
1056 1379 1172 1433 hominis
1187 1381 1262 1434 illiue
1276 1385 1360 1436 nutus

236 1460 312 1515 urbis
324 1458 471 1513 declinaret
488 1458 542 1525 (est
552 1456 625 1509 euim
644 1458 719 1508 locus
734 1454 779 1507 ille
816 1461 845 1513 et
862 1458 1023 1525 significatio
1042 1461 1174 1528 quantam
1194 1457 1260 1513 mihi
1272 1458 1359 1517 leuem

237 1538 381 1591 umbrosus
393 1534 554 1598 etsslnhris,
566 1535 733 1603 florentesque
752 1536 780 1587 et
816 1536 994 1594 admovebetl
1016 1538 1134 1592 'l'sntsm
1153 1537 1264 1603 seilicet,
1275 1554 1362 1607 qusn-

218 1607 780 1685 'gelidashnbetaquus,ntqueeasuberri·
816 1621 872 1672 tsm
884 1616 1131 1670 (leonitadmorere
1147 1632 1220 1680 eum,
1236 1615 1272 1668 de
1282 1619 1361 1683 eujus

238 1710 305 1758 mss,
316 1694 387 1746 illins
397 1708 488 1761 opere,
497 1690 526 1745 in
538 1690 697 1743 latissimum
708 1690 779 1743 viver
816 1696 1044 1763 egregiaergume
1052 1696 1360 1763 voluntate‚oertneaepe

235 1772 305 1837 rium
316 1772 432 1839 primunr
449 1770 541 1825 exciso
558 1772 659 1833 monte,
670 1768 733 1821 inde
751 1767 779 1819 in
816 1773 929 1848 pignqm
943 1774 1093 1842 cepissem
1110 1772 1212 1842 quique
1228 1772 1361 1827 littorum:

237 1851 375 1921 oppidum,
384 1850 513 1919 sedesque
523 1848 592 1903 adeo
601 1848 780 1917 ipsasdeduo·
816 1852 948 1917 homines,
960 1857 989 1905 et
998 1852 1098 1919 insigni
1110 1852 1200 1919 aliqua
1209 1856 1267 1905 arte
1283 1866 1361 1905 om.

237 1932 288 1992 ιιι,
300 1935 332 1983 ut
343 1929 433 1995 alsius,
445 1928 594 1990 venustius,
604 1927 780 1979 sueriusesso
816 1934 867 1993 tos,
879 1946 947 1998 quos
964 1930 1010 1983 ille
1029 1929 1111 1995 domi,
1129 1944 1184 1982 non
1202 1928 1278 1982 inani
1294 1944 1375 1997 que·

237 2007 304 2061 nihil
318 2006 576 2077 possit)serletinm,
593 2004 780 2073 utaliquando
817 2009 881 2064 riam
908 2008 1006 2076 specie,
1030 2022 1129 2059 aurave
1151 2008 1285 2075 populari,
1307 2024 1362 2076 que

158 2108 164 2119 ·
238 2086 290 2139 sibi
297 2086 332 2137 ab
341 2084 447 2137 arbitris
453 2089 482 2137 et
490 2084 647 2153 quotidiana
653 2082 781 2151 interpre-
817 2090 959 2157 plerosque
978 2086 1041 2139 ‹luei
1058 2101 1115 2137 non
1130 2085 1295 2153 ignoramus,
1308 2086 1361 2141 sed

238 2166 342 2218 tatione
352 2167 466 2225 remoto,
478 2154 573 2215 lineriit
583 2162 687 2215 rivere:
706 2176 782 2215 oum-
819 2165 938 2220 reritatis
948 2164 1107 2232 virtutieque
1119 2178 1210 2215 amore
1225 2163 1361 2227 incensus,

239 2260 292 2315 que
310 2243 348 2295 ibi
365 2240 554 2311 pomeridianis
573 2240 652 2305 horis,
671 2255 733 2294 eum
752 2256 780 2292 se
819 2238 1362 2311 complureehaberetsummisquehono·

154 2314 158 2325 '
234 2320 294 2389 jam
305 2321 377 2373 calor
387 2318 526 2387 paululum
539 2318 668 2383 fregisset,
679 2314 730 2369 hoo
741 2316 781 2385 ip·
818 2320 1061 2388 ribusuepraemiis
1073 2319 1205 2371 afficeret:
1223 2320 1360 2386 precum

239 2396 613 2471 sumspistolarumrolumen
622 2396 732 2449 strictim
743 2401 781 2447 at·
817 2401 913 2455 lioerot
923 2414 971 2469 per
982 2397 1184 2467 rempublicam,
1197 2397 1300 2450 nullum
1312 2414 1360 2466 pe-

237 2479 412 2547 fingerem,
420 2490 524 2543 egoque
532 2473 779 2527 uisunthominum
816 2495 852 2535 ne
870 2480 962 2531 horam
981 2476 1126 2539 amitteret,
1148 2474 1282 2527 derectis
1303 2478 1361 2529 etn-

238 2572 333 2610 sensus
344 2554 492 2624 dispariles,
505 2553 538 2606 ab
554 2553 595 2616 iis,
614 2553 660 2622 qui
675 2552 779 2622 insigne
817 2557 956 2624 diuscule
972 2556 1006 2608 iis
1022 2555 1066 2609 rel
1084 2554 1211 2624 loquendi
1222 2554 1266 2608 rel
1277 2552 1361 2606 medi·
1458 2624 1462 2630 ἱ

166 2673 174 2694 ,
239 2636 447 2706 nliquodinens
456 2632 611 2700 ingeniisui
623 2647 781 2684 monumen·
817 2637 901 2693 tundi.
913 2635 980 2690 Fuit
988 2632 1361 2702 omninovirille‚ouipsraim

239 2719 298 2768 tum
309 2713 480 2783 reliquissent
490 2707 596 2778 (omnes
611 2710 683 2762 enirn
700 2711 781 2764 ltsbe-
817 2729 911 2770 omnes
926 2711 1111 2768 testimonium
1129 2712 1260 2766 moderati
1279 2712 1360 2764 etad

239 2791 346 2862 bamus)
365 2791 464 2845 alicubi
485 2789 668 2848 dissentirem:
695 2792 723 2840 et
745 2805 780 2842 no
817 2795 960 2852 honestum
969 2794 1054 2846 otium
1063 2793 1121 2844 noti
1130 2791 1222 2856 animi,
1231 2789 1360 2844 sinnoon-

237 2871 290 2926 hoc
300 2887 356 2926 uno
365 2869 455 2924 studio
466 2872 571 2920 lanium
584 2868 733 2920 delectatus
744 2867 780 2918 vi·
817 2871 946 2928 novenis
955 2872 1065 2924 darem:
1083 2869 1158 2922 fortis
1167 2869 1249 2922 etiam
1259 2872 1289 2922 et
1299 2884 1361 2938 pm·
1428 2909 1432 2915 .

239 2951 324 3015 deser,
343 2949 493 3020 periculum
510 2947 655 3016 aliquando
670 2946 728 3014 ipse
743 2946 781 2998 ln·
818 2951 915 3016 dentis,
934 2950 981 3019 qui
992 2965 1025 3001 eo
1037 2947 1192 3005 familiarius
1203 2953 1359 3004 uterentur&

240 3046 337 3094 nerem,
349 3044 414 3082 num
425 3029 486 3081 loea
497 3025 532 3078 ab
543 3027 583 3078 eis
591 3026 635 3078 vel
646 3025 780 3091 neglectu,
817 3044 872 3098 quo
889 3030 918 3082 id
932 3029 1022 3082 minus
1039 3026 1132 3080 testari
1147 3028 1218 3080 orbis
1229 3029 1359 3081 tenerum

239 3113 267 3162 et
278 3109 354 3176 qussi
370 3107 472 3177 percipi
489 3121 544 3158 nnn
562 3107 680 3174 possent,
699 3104 781 3172 depo-
816 3112 915 3177 posset,
927 3105 1186 3176 qnidamhominnm
1198 3106 1318 3160 lmudem
1331 3112 1361 3160 et

237 3186 292 3250 lit&
307 3192 335 3240 θῑ
351 3185 500 3254 desperatas
512 3183 555 3236 vel
567 3181 712 3234 emflssdalss
722 3181 781 3250 qui·
803 3185 956 3255 'perfidiam
966 3185 1042 3254 (nam
1053 3186 1157 3255 reliqua
1171 3184 1236 3238 satis
1254 3186 1361 3254 prolixa
1441 3192 1448 3203 ’

241 3263 313 3325 dem,
323 3264 370 3321 sed
382 3279 437 3318 uon
447 3262 493 3330 ils,
504 3267 536 3316 11²
551 3261 600 3325 Sibi
614 3261 665 3330 ipsi
679 3260 782 3314 setisla·
817 3266 989 3336 ridebantur)
998 3268 1144 3318 aoeusant:
1163 3280 1214 3316 nos
1228 3264 1285 3318 fate
1302 3270 1362 3320 tan·

240 3345 340 3405 oerent,
351 3341 408 3412 ipse
420 3343 531 3410 aperire,
548 3341 577 3393 in
590 3339 781 3406 melioremque
817 3345 966 3410 tummedo,
988 3349 1036 3398 aut
1053 3344 1144 3411 potius
1158 3345 1361 3400 inscrutabilem

239 3420 361 3484 formam,
377 3421 419 3472 vel
430 3417 632 3487 exemplarium,
645 3433 707 3487 quae
722 3421 781 3469 tum
818 3423 917 3477 summi
927 3423 1046 3477 numinis
1058 3423 1235 3487 voluntatem,
1249 3438 1361 3486 censam

239 3513 329 3569 panea
338 3496 513 3561 habebamus,
528 3496 637 3562 auxilio,
648 3497 692 3552 rel
708 3497 782 3564 inge-
818 3500 900 3553 luisse
908 3500 1073 3566 judicemus.
1102 3500 1185 3552 Esset
1195 3499 1238 3554 hio
1250 3500 1362 3558 forsitan

238 3578 278 3632 nii
290 3578 325 3646 ri,
336 3576 488 3644 eujusmodi
502 3577 532 3629 in
550 3591 593 3628 me
609 3577 689 3638 esset,
706 3574 782 3626 resti·
817 3576 1364 3650 locus‚easumhominisvinemquedeplo.

237 3665 316 3712 tuere
334 3670 458 3724 possem:
476 3658 558 3721 utque
576 3669 609 3706 es
627 3657 781 3706 essentuon
818 3656 905 3721 rendi,
917 3656 1053 3711 maitanto
1063 3656 1205 3712 intervallo
1211 3660 1361 3714 verendum

238 3751 344 3806 penos:
361 3735 468 3805 plaouit
477 3733 566 3786 eidem
584 3736 698 3801 patrono
711 3745 782 3795 meo,
819 3735 1365 3804 essetnenonmodoimportuniredeti·

239 3819 271 3868 nl
283 3813 378 3868 litteris
390 3813 585 3880 consignarem.
615 3809 712 3878 Itaque
724 3812 781 3862 toto
819 3827 864 3866 am
869 3812 1118 3880 ineptiaideremnr·
1127 3815 1367 3878 Queresbeatille

239 3894 285 3948 illo
296 3895 417 3948 calorum
428 3895 558 3960 tempore,
570 3889 690 3959 quinque
702 3887 781 3941 libros
818 3892 927 3961 optimis
941 3893 1085 3959 ominibus,
1096 3909 1147 3946 noa
1158 3892 1194 3946 an
1205 3893 1364 3950 imtitutnm

239 3972 351 4030 confeci.
386 3971 441 4024 Sed
459 3970 521 4037 hen,
540 3985 616 4022 mens
634 3966 782 4031 hominum,
818 3987 969 4025 sermonem
988 3976 1160 4029 avertamur.
1195 3970 1278 4024 Hano
1292 3972 1361 4028 diei.
1441 4003 1444 4011 .

240 4048 579 4112 heuventurinesoielutil
598 4047 782 4102 cumrerlisse·
818 4065 880 4104 mus
890 4050 1014 4104 cessandi
1025 4051 1104 4104 nobie
1112 4051 1363 4119 oausameompln·

239 4145 301 4184 mur
311 4131 339 4184 in
350 4131 454 4196 urbem,
465 4144 532 4182 eoos
543 4129 660 4182 solmon:
680 4126 781 4180 Paulus
818 4144 860 4181 res
871 4128 1062 4181 senoniense:
1075 4127 1167 4197 quood
1174 4125 1368 4193 jununoetie.

240 4203 385 4272 Furnosiue
395 4209 522 4263 Pontifex
538 4205 688 4272 Maximus,
699 4219 780 4274 quern
818 4207 879 4260 simi
890 4211 919 4259 et
928 4207 1079 4275 gravissimi
1090 4206 1141 4261 riri
1158 4203 1285 4260 Marcelli
1296 4207 1365 4265 Cere

240 4291 349 4353 propter
369 4285 530 4345 immortalis
547 4286 575 4340 in
598 4299 678 4338 omne
696 4282 782 4336 homi·
817 4283 1366 4352 viniumcnnnrnuiuemsumrevo-

242 4377 309 4416 num
326 4379 411 4431 genus
428 4364 569 4428 beneficis,
587 4378 697 4432 aequum
714 4367 781 4427 erut,
817 4363 873 4418 eati
886 4379 988 4416 sumne.
1022 4361 1140 4430 Jamque
1151 4362 1362 4429 opnsedlinem
1402 4363 1405 4367 ’

241 4441 394 4510 nostrisque
402 4442 548 4498 rationibus
554 4440 782 4506 conducebatu-
817 4457 888 4510 pene
899 4443 1088 4510 perduxeram,
1102 4456 1166 4494 oum
1185 4439 1231 4493 ille
1249 4441 1362 4500 Ponun-

241 4535 272 4587 ιο
290 4518 483 4576 immortalem:
501 4521 549 4576 aen
568 4519 697 4574 tatamen
718 4533 780 4572 oum
818 4524 910 4573 natum
922 4520 1001 4588 cepit·
1031 4519 1362 4583 Sessuteuntresbomi·

141 4595 144 4602 '
241 4612 320 4664 sunm
344 4597 418 4677 diem
437 4601 556 4665 obiisset,
576 4601 781 4666 extremumque
818 4598 1201 4665 numilnxeeatqueineerne,
1210 4603 1361 4671 suteerep·
