3225 5175
463 358 522 414 An
548 356 961 415 Famlnlnnnsnln.
983 358 1021 413 ll.
1255 353 1301 421 27

479 604 481 611 ,
505 567 547 621 M.
556 567 590 621 Τ.
603 569 634 623 C.
664 570 696 624 C.
716 568 880 624 CURIONI
897 568 969 621 ΒΛ).
1286 576 1304 626 ³

216 724 292 781 Auo.
319 727 428 797 llnpam
449 726 576 779 libertum
602 734 722 799 excusat,
758 726 902 793 plurimum
921 724 1002 778 Curio
1021 722 1200 788 contraheret,
1215 739 1302 794 coquo

181 804 255 874 qood
273 806 301 861 io
312 806 395 875 patria
415 804 509 859 funere
527 804 604 858 ludos
622 800 723 875 populo
759 807 878 864 coactns.
889 804 988 857 omissa
995 804 1161 871 rcipcsusa,
1178 805 1302 859 cumim-

181 898 237 936 nou
256 885 416 952 promiserit,
439 883 503 952 qnia
522 883 614 937 amicis
633 884 723 953 displi-
758 883 849 949 probis
859 882 971 945 civibus,
982 883 1155 950 maximoque
1166 898 1231 935 cum
1240 874 1301 937 ca-

181 961 274 1015 oucrit
311 962 398 1029 (injus
408 960 520 1027 consilii,
538 976 628 1015 coram
643 964 723 1030 pluri-
759 974 826 1024 sare,
855 961 1021 1027 societatum,
1047 959 1126 1013 bonis
1149 960 1300 1029 cxitiossm,

180 1037 233 1091 bus
253 1040 415 1109 exponendi,
434 1038 493 1105 jam
513 1054 644 1092 summam
665 1056 724 1109 por-
760 1038 851 1091 coneo
882 1038 963 1102 Quod
973 1039 1013 1091 ita
1023 1039 1144 1107 contigit.
1177 1039 1266 1095 Ionas.

179 1115 280 1179 scribit,
291 1117 659 1187 alquantainespcctationc
669 1119 723 1171 Cu·
794 1116 837 1168 Ne
847 1113 958 1189 dm]
975 1115 1144 1184 Legendum,
1163 1134 1195 1170 aa
1211 1119 1248 1172 sd
1262 1138 1300 1186 aa,

179 1193 219 1246 rio
236 1194 308 1249 tilius
328 1196 371 1260 sit,
391 1196 531 1265 significat.
567 1194 621 1247 Aa.
645 1196 677 1249 U.
691 1196 722 1249 C.
759 1193 959 1262 soilioctplura,
975 1210 1037 1262 quac
1048 1194 1161 1248 scribare
1171 1200 1299 1263 potarum.

179 1274 240 1325 ⁷00.
759 1269 910 1325 Autctiam
926 1270 1109 1325 conscribam
1119 1273 1230 1341 quidde
1243 1274 1302 1329 istis
1350 1312 1354 1320 ι

215 1348 449 1420 Deeloroadomss]
479 1350 721 1417 Ostendondorum‚
758 1350 917 1403 muneribus
928 1350 1051 1415 sentim,
1062 1353 1093 1401 ut
1107 1351 1300 1407 vcniuadmo

179 1422 435 1494 promittendorurn:
453 1434 484 1483 ut
501 1446 543 1499 ep.
562 1434 586 1483 8.
605 1428 650 1483 lib.
663 1430 720 1485 IX.
759 1442 815 1479 non
833 1427 1044 1495 praemeditatus,
1064 1442 1119 1479 non
1139 1436 1302 1483 commenta·

179 1504 419 1579 Mmflagoare,
439 1508 553 1578 quumvis
570 1507 627 1577 quia
640 1517 722 1561 osem-
759 1508 819 1568 tus;
836 1520 889 1557 noc
904 1505 1004 1559 babeas
1019 1506 1167 1575 quicquam
1183 1507 1302 1575 cogitati,

177 1582 721 1657 desitnepopalsuqtddemsoletmisicoa-
758 1598 813 1650 quo
842 1584 1004 1637 sententiam
1034 1600 1123 1637 mnam
1152 1600 1301 1654 oppugnes.

175 1661 274 1717 dimoc
309 1664 389 1719 ΜΛΝ.
757 1659 784 1713 J.
795 1661 830 1713 G.
842 1660 960 1715 Grion·

210 1740 363 1815 Mamerco]
376 1742 719 1811 Munerapopulodabaut,
792 1738 1300 1812 Controistomratiomssstndgcnns

176 1821 289 1885 gratiam
308 1822 368 1889 ojus
388 1824 564 1889 aucupantes,
589 1836 652 1875 oum
676 1821 719 1874 vol
757 1817 917 1884 ambitionis,
946 1820 1054 1888 plebem
1076 1820 1234 1874 munoribus
1253 1823 1300 1876 dc·

176 1898 354 1964 gladiatorum
383 1901 531 1954 certamina
556 1901 718 1968 praeberent,
756 1898 901 1951 mulcendi.
919 1897 1006 1953 lnam
1024 1899 1062 1952 Et
1077 1916 1142 1953 sanc
1153 1900 1199 1954 lib.
1211 1898 1251 1955 11.
1263 1903 1298 1955 dc

177 1976 220 2028 vcl
230 1994 354 2031 nummos
371 1978 529 2042 diuiderent,
546 1979 588 2031 vol
607 1979 718 2046 epulum
756 1974 858 2028 Officiis
872 1972 943 2045 (cap.
956 1977 1011 2047 io.)
1025 1978 1200 2046 pecuniarum
1210 1979 1299 2032 eliud-

177 2053 278 2119 darem,
293 2062 340 2109 aui
351 2057 452 2125 aliquid
463 2055 604 2122 ejusmodi.
633 2055 718 2107 Curio
755 2056 867 2107 ouesad
879 2055 1079 2109 multitudinem
1092 2056 1299 2124 deleniendam

177 2130 205 2181 iu
216 2133 320 2187 funebri
331 2134 413 2201 patris
423 2149 543 2197 munere,
555 2137 653 2201 practer
663 2149 718 2185 cae-
754 2148 805 2185 neo
817 2132 980 2201 iis‚quornm
991 2134 1158 2201 causstlunt,
1170 2150 1222 2187 nac
1229 2135 1271 2201 iis,
1281 2154 1299 2189 s

177 2210 244 2275 tera,
255 2210 333 2262 ludos
345 2210 428 2275 dedit,
440 2214 468 2263 at
478 2212 507 2263 in
515 2212 548 2263 iis
559 2210 718 2279 pantheras:
755 2211 855 2278 quibus
866 2211 941 2275 fiunt,
957 2210 1127 2279 honorificas,
1137 2214 1230 2267 multis
1240 2229 1298 2269 ver·

179 2290 210 2339 ut
227 2288 332 2355 scripsit
343 2288 449 2341 Goelins
460 2304 503 2356 op.
514 2292 540 2341 6.
560 2292 588 2341 et
599 2294 624 2342 7.
635 2288 681 2344 lib.
694 2295 720 2345 8·
755 2287 796 2339 bis
806 2288 932 2340 ostendit
968 2287 1048 2342 Mau.

178 2363 264 2417 Dedit
273 2365 353 2418 etiam
364 2365 546 2419 admirandam
558 2366 639 2431 illam,
657 2384 718 2435 qua
783 2365 1010 2437 Displicerefflcc
1016 2365 1208 2421 alitcrcocidit.
1217 2369 1298 2438 Nam,

177 2443 719 2513 amphitheatrilormamiaccrctligncam
756 2446 990 2513 cum‚praestituta
998 2445 1299 2511 dio,croditosibassuis

176 2520 341 2588 machinam,
349 2521 383 2575 do
396 2539 451 2593 qua
459 2523 561 2577 Plinius
572 2522 719 2579 XXXVI.
755 2524 838 2578 Curio
848 2522 1001 2577 sabsiaccro
1012 2538 1066 2577 non
1075 2528 1174 2596 posset,
1184 2524 1299 2580 interca·

179 2604 219 2654 lo.
256 2600 342 2656 louis.
754 2603 891 2670 lationem,
906 2603 934 2656 id
951 2608 993 2657 cst
1005 2604 1219 2672 prorogationem
1230 2610 1298 2659 tam-
1352 2595 1356 2602 ’

208 2679 269 2733 Nou
286 2690 349 2734 esset
364 2679 505 2754 integrum]
523 2681 570 2745 Ut,
589 2683 611 2735 si
631 2684 718 2736 consi·
753 2682 835 2750 poris,
857 2700 875 2736 a
896 2682 1074 2735 Pontificibus
1093 2683 1186 2751 potiit:
1213 2699 1297 2754 quam

171 2757 239 2810 lium
255 2763 375 2813 nostrum
386 2758 523 2828 probares,
540 2763 645 2814 mutare
657 2777 718 2814 sen·
753 2776 816 2814 oum
842 2776 897 2814 non
926 2760 1095 2827 obtinuisset,
1125 2760 1231 2816 addixit
1257 2779 1296 2828 se,

172 2839 285 2890 tantiam
304 2854 404 2906 posscs.
439 2839 592 2892 Verebatur
613 2840 716 2904 Cicero,
753 2855 884 2908 suamquc
895 2840 1056 2893 sententiam
1069 2840 1178 2906 Caesari,
1189 2839 1296 2894 dcserto

171 2929 216 2982 uc,
242 2917 397 2981 munoribus
420 2917 525 2984 dandis,
551 2917 612 2972 aris
636 2917 717 2971 alieni
752 2919 818 2987 roip.
829 2918 985 2987 patrocinio.
1003 2917 1055 2987 Ep.
1064 2923 1091 2972 o.
1105 2918 1151 2972 lib.
1159 2922 1185 2972 8.
1207 2919 1295 2975 loris.

503 3138 544 3192 M.
556 3139 589 3192 Τ.
603 3139 633 3193 G.
654 3139 685 3193 C.
704 3139 869 3204 GURIONI
894 3143 921 3195 S.
929 3140 966 3194 D.
1275 3145 1294 3194 4

210 3271 282 3325 Aac.
300 3269 415 3324 Diversa
426 3271 493 3326 dicit
503 3273 653 3326 litterarum
669 3289 715 3341 go-
751 3291 819 3327 csae.
855 3273 887 3327 F.
896 3273 1032 3330 Uannius.

167 3365 246 3412 nara,
258 3353 506 3417 quorumneutrum
518 3349 634 3418 sibijam
651 3367 715 3405 con-
787 3351 854 3414 ραι
874 3349 953 3425 m]
980 3351 1107 3405 Manutio
1127 3355 1155 3404 ct
1177 3352 1292 3408 omaro

166 3428 271 3483 veniat
307 3427 476 3495 Quapropter
498 3427 533 3481 ad
556 3431 715 3484 cohortatio-
750 3431 885 3499 probatur,
908 3448 966 3500 pao
985 3446 1044 3493 son,
1067 3433 1096 3482 et
1114 3430 1244 3498 reperitur
1262 3431 1291 3484 in

166 3523 235 3560 nam
246 3505 350 3569 transit,
368 3512 400 3558 ut
410 3511 503 3574 pergat
518 3507 601 3561 Curio
613 3509 647 3562 ad
657 3511 715 3577 glo-
750 3509 876 3562 omnibus
894 3513 1009 3578 quatuor
1026 3507 1094 3561 Μαι.
1110 3507 1209 3576 quibus
1226 3525 1292 3562 usus

166 3588 238 3640 riam
250 3586 298 3649 ira,
316 3585 380 3652 quia
390 3585 479 3651 mavis
493 3585 545 3652 ipsi
557 3587 713 3651 adversaria,
750 3593 792 3641 ost
802 3589 933 3642 Grattius.

166 3665 292 3719 omnium
316 3663 479 3731 expectatio,
503 3665 650 3717 constituta
670 3667 712 3719 sit.
784 3665 1048 3732 Graciaadoereon'o]
1065 3665 1110 3718 Sic
1122 3667 1291 3732 animnobis,

167 3743 248 3796 Anao
259 3741 294 3794 U·
304 3742 335 3794 G.
348 3745 408 3796 700.
749 3744 1291 3813 utonmacerrimoinimico,cumaxpoc·
1345 3797 1348 3802 .

202 3815 423 3893 namnam]
452 3819 611 3874 ommim
632 3821 713 3876 babet
748 3823 851 3876 tatione
868 3822 1044 3891 pugnandum
1061 3827 1117 3875 ost:
1141 3823 1174 3875 iis
1190 3827 1289 3887 sutem,

169 3899 295 3970 antiquus
305 3899 381 3966 libor,
398 3915 448 3968 pro
458 3900 666 3962 domnicomm
684 3907 713 3955 ct
748 3901 795 3970 qui
810 3900 924 3953 unllain
937 3901 1125 3968 expectatione
1135 3905 1207 3965 sunt,
1225 3900 1290 3952 licet

169 3981 207 4034 ita
226 3979 320 4048 opinor
338 3995 374 4033 cx
390 3978 452 4031 loco
471 3979 548 4033 simili
566 3979 711 4048 legendum
747 3995 807 4033 csso
819 3979 920 4034 otiosis.
954 3977 1034 4033 Mara

481 4197 523 4253 Μ.
536 4199 569 4252 Τ.
582 4200 613 4254 (l.
631 4200 664 4255 C.
677 4199 843 4255 GURIONI
860 4203 889 4255 S.
901 4201 933 4254 P.
943 4199 980 4254 D.
1269 4201 1288 4251 ὃ

203 4331 276 4389 Ano.
294 4335 418 4400 Questus
434 4334 469 4388 da
489 4335 605 4404 publicis
624 4335 712 4402 malis,
749 4333 830 4387 modo
842 4333 993 4402 respublica
1003 4331 1109 4397 babeat,
1121 4328 1157 4382 ad
1172 4343 1232 4382 cam
1242 4345 1287 4382 ca·

170 4409 279 4488 Qurioui
296 4413 445 4481 grattnlatur
463 4415 536 4483 qnod
553 4428 656 4468 canon
672 4413 710 4468 vi·
746 4413 917 4481 pensandum,
932 4407 1174 4482 vindicandamqua
1193 4406 1288 4463 adbor-

170 4488 282 4557 dcatat
297 4505 422 4560 magnam
439 4509 475 4548 ax
492 4491 640 4548 bcmtactin
653 4494 710 4546 lau·
747 4495 828 4547 tatur.
845 4492 924 4547 Am
939 4489 973 4544 U.
985 4489 1018 4542 G.
1029 4489 1091 4542 ⁷⁰⁰.

155 4566 231 4629 ,dam
253 4575 439 4640 comcquatur.
477 4572 531 4628 Sed
552 4588 665 4642 quoquo⁸
679 4589 709 4626 ss
