3225 5175
318 361 397 431 204
699 356 1061 413 aetsuousuuu

325 507 382 561 iero
393 504 549 561 Plaetorium
560 499 778 564 ooudemustum,
794 501 867 571 quoti
937 501 1038 575 rogan
1062 498 1171 577 murs]
1201 502 1316 559 Virilem
1343 508 1449 575 maus,

327 601 364 639 es
381 580 532 653 appendice
543 578 640 646 judieii
652 576 807 632 Plentouisoi
821 594 868 632 vo-
903 597 984 649 quam
1007 580 1132 636 sumebat
1152 587 1287 651 praetexta
1315 582 1450 653 deposita,

327 666 405 717 osius
422 660 561 713 estLeius
577 658 605 711 in
620 656 762 725 judicium,
777 675 868 727 paors
905 676 976 712 suno
999 675 1060 715 xiv.
1082 662 1163 713 buite-
1198 661 1305 728 Jaheor,
1327 679 1344 714 a
1364 662 1450 717 fratre

323 734 609 811 pmuspmnurit:
635 744 667 786 ut
688 732 813 787 Rabirius
832 751 869 792 es
905 753 975 791 meo.
1012 738 1114 792 loeis..

328 812 630 871 dsruuatioueGubiuii.
654 812 740 866 loett.
776 812 870 869 Poste·
940 812 1449 889 Modersborwtmiuusmodestmmi-

327 896 424 949 riorem
443 908 552 946 sensum
569 892 645 945 alteri
662 890 771 961 prmierl
786 888 871 943 Mou-
905 895 1127 951 uusooutineuti:
1146 897 1254 962 qualem
1265 914 1295 948 se
1307 904 1399 964 postea
1408 896 1447 959 Q.

328 973 418 1041 pallus
430 976 533 1025 noster:
551 985 583 1023 ao
601 970 694 1023 merito
706 968 825 1037 quidem,
841 968 870 1021 ui
906 971 976 1024 lilius
986 970 1070 1037 magis
1079 972 1200 1041 quotidie
1208 974 1343 1042 prestitit.
1359 974 1448 1028 loett.

328 1051 412 1105 failor.
940 1046 1042 1111 Abda]
1061 1049 1146 1103 Attici
1162 1068 1255 1105 seruus
1265 1051 1446 1107 amanuensis.

364 1127 408 1182 De
420 1126 454 1187 Q.
464 1126 562 1195 Carrio]
581 1124 615 1191 Q.
627 1126 720 1179 Cassio
732 1126 870 1194 Longium
907 1127 964 1180 Cur
980 1142 1034 1181 uon
1051 1128 1154 1179 litteras
1169 1128 1225 1199 ipse
1244 1128 1280 1181 ad
1297 1146 1341 1181 me
1351 1130 1445 1191 mittit,

330 1207 376 1277 qui
384 1222 455 1259 auno
463 1204 870 1274 sequeutilrihuuusplehisoum
907 1204 987 1258 sicuti
998 1206 1167 1259 amanuensis
1186 1223 1263 1260 meus
1282 1208 1347 1262 Tiro
1363 1208 1396 1260 sd
1414 1212 1445 1261 le

332 1285 451 1339 llutoulo
463 1284 565 1351 collega
576 1284 611 1335 ad
623 1282 756 1335 Caesarem
768 1282 871 1353 proiec-
907 1284 1003 1337 mittit!
1028 1284 1113 1338 loeis.

331 1369 384 1430 tua,
395 1379 556 1433 propensum
573 1362 607 1415 atl
620 1362 698 1414 civile
710 1360 810 1413 bellum
822 1362 871 1413 im·
941 1366 1015 1433 siper]
1032 1362 1132 1425 Comu,
1147 1363 1355 1418 instrumentum
1364 1364 1447 1417 musi-

331 1443 408 1513 pulit·
444 1440 587 1494 Contentio
607 1440 688 1507 igilur
707 1440 777 1492 iuter
797 1439 871 1492 Luc·
907 1454 979 1494 oum.
1016 1440 1059 1494 De
1079 1440 1128 1493 hoo
1146 1442 1242 1495 iterum
1259 1445 1336 1511 epist.
1355 1448 1380 1497 l.
1399 1442 1447 1497 tib.

332 1521 430 1585 orium,
447 1524 475 1572 et
487 1518 618 1581 Cassium,
634 1532 696 1570 oum
713 1516 780 1569 ulter
791 1516 872 1569 Pom·
908 1515 959 1571 Vl.
977 1518 1108 1584 Phemius,
1124 1520 1240 1573 cantoris
1258 1537 1355 1575 nomon
1372 1520 1449 1591 apud

332 1596 592 1667 peio,ulterCmsari
606 1594 714 1647 faveret.
748 1592 835 1647 lusu.
908 1593 1068 1651 Homerum.
1098 1601 1103 1613 '

331 1809 367 1861 2¹7
688 1800 832 1854 CICERO
851 1801 993 1856 itt'rtco
1010 1803 1092 1857 stt..

368 1936 407 1990 tu
423 1934 529 1988 mester
547 1932 714 2003 requiescere]
738 1932 810 1987 Haeo
827 1932 875 1985 de-
909 1933 971 1986 bent
986 1932 1090 1987 citime
1109 1936 1143 1988 ab
1159 1936 1253 1990 iuoolis
1267 1937 1380 1990 renuti
1396 1954 1451 2007 pe-

332 2014 414 2069 lenda
431 2018 591 2067 censuerant
607 2012 726 2075 Ursinus,
737 2010 873 2075 Muretus,
908 2012 965 2063 ritis
978 2013 1162 2081 eapiabsutur.
1185 2016 1251 2068 Por.
1285 2014 1356 2069 Virle
1366 2016 1447 2073 um.

314 2092 440 2161 ,lunius
476 2092 529 2145 Sed
548 2090 644 2143 retinet
661 2089 829 2157 Mougaitus,
845 2094 875 2142 et
911 2088 960 2143 vt.
976 2094 996 2143 l.
1007 2096 1035 2144 et
1046 2091 1091 2144 lib.
1104 2092 1188 2147 Vlll.
1200 2093 1305 2163 passim.

334 2168 512 2235 suessorum,
531 2186 591 2237 quse
604 2168 819 2236 legunturepisl.
832 2172 873 2222 tu.
942 2166 1017 2221 Jau'a
1039 2166 1105 2239 lege]
1135 2171 1213 2235 Quas,
1239 2173 1451 2239 usmuuabu,

336 2250 440 2313 Vereor,
458 2248 528 2301 ποίη
540 2248 623 2317 Epiro
641 2246 762 2301 mllioibu
776 2249 875 2301 ussus
910 2248 1167 2319 magistratuumque
1183 2251 1328 2306 eomitibss
1345 2262 1377 2305 ut
1398 2254 1451 2307 lua·

334 2325 614 2398 minur,pusmrtorlio
624 2342 718 2381 summ.
753 2325 874 2379 Videant
909 2339 985 2388 uum,
1007 2327 1123 2397 alisque,
1145 2329 1180 2383 sb
1201 2332 1316 2400 oppidis,
1334 2338 1364 2385 et
1382 2333 1450 2387 virts

334 2406 436 2461 carici,
910 2403 1321 2475 sumministrareutur,jubebst.
1350 2410 1432 2465 Mau.

344 2472 345 2475 ¹
370 2479 483 2556 Cassius]
503 2481 558 2537 Hic
570 2480 612 2533 Μ.
624 2480 875 2551 Crassiquaeuorin
946 2482 980 2542 Q.
993 2480 1103 2556 ttunto]
1121 2484 1175 2549 Qui
1193 2486 1258 2541 mihi
1273 2489 1451 2556 legaturum-

335 2562 447 2617 Parthoa
464 2566 506 2614 est
523 2558 667 2630 proiectus:
686 2559 876 2616 Crassoiuterh
910 2556 951 2612 du
962 2560 995 2614 b.
1005 2559 1135 2620 huillum.
1171 2562 1255 2620 lustr.

334 2641 415 2704 leuto,
433 2639 551 2696 oolleolis
563 2637 697 2690 exercitus
708 2641 836 2708 reliquiis,
846 2642 875 2694 iu
944 2637 1035 2692 Idibus
1045 2637 1139 2714 Μὴ]
1157 2642 1259 2698 Eorum
1273 2646 1389 2700 oliiaiun
1401 2647 1452 2721 qai

335 2721 438 2786 smum
458 2717 581 2786 profugit,
600 2732 655 2785 quo
675 2717 763 2770 Parthi
782 2725 877 2787 postas
910 2717 1054 2785 provinciis
1072 2727 1212 2786 prseersut.
1229 2722 1258 2775 iu
1276 2724 1346 2778 duas
1361 2731 1451 2794 partes

335 2813 397 2852 eum
408 2797 552 2858 irruissent,
562 2811 608 2846 eos
617 2795 769 2860 Antiochia,
777 2813 876 2865 magus
910 2793 961 2848 luit
972 2796 1153 2862 distributum,
1170 2805 1340 2870 potestatem,
1357 2809 1386 2857 et
1400 2803 1450 2858 ist-

336 2876 503 2936 oedeedtta,
514 2872 615 2938 rejecit.
650 2871 729 2925 ΜΛΝ.
910 2875 1024 2942 perium.
1069 2877 1191 2932 Potestas
1216 2880 1317 2935 tlioitnr
1337 2882 1451 2938 tseuttu

367 2947 528 3021 sumptum]
541 2949 673 3018 Prospera
681 2953 876 3006 meorumuullo
911 2955 1452 3026 cognoscendi,etooulioieudaejurisdie·

334 3028 471 3090 unstruht
484 3037 533 3090 est,
546 3041 598 3078 nuu
611 3027 679 3093 pulsi
692 3043 709 3078 a
721 3028 805 3081 uobis.
910 3032 999 3086 tionis.
1034 3034 1190 3103 imperium,
1209 3039 1327 3092 duoeutli
1349 3043 1450 3109 oopiss,

371 3100 524 3174 Provincia]
537 3103 711 3170 Cyrrhestica,
720 3106 804 3172 Syriae
817 3123 876 3174 par·
911 3115 940 3162 et
951 3110 1051 3164 bellum
1062 3113 1182 3180 gerendi.
1206 3115 1280 3172 Haeo
1291 3133 1401 3172 munera
1410 3119 1461 3174 its»

336 3185 372 3247 te,
402 3181 538 3234 Ciceronis
567 3180 712 3248 proeiuoiae
738 3187 874 3251 proxima:
911 3187 1044 3252 nolebant,
1052 3195 1212 3246 utaestatem
1223 3193 1278 3248 t‘ere
1286 3197 1325 3248 rei
1335 3197 1451 3264 militari,

336 3261 413 3330 epist.
427 3263 464 3313 18.
483 3259 588 3324 Nostra,
597 3259 686 3326 igitur,
696 3261 788 3330 populi
798 3263 875 3319 Rom.
910 3267 1025 3320 hiemem
1050 3269 1169 3324 dicarent
1188 3274 1334 3340 ooguitioui
1355 3281 1452 3344 praeto·

337 3337 455 3392 utrum.
688 3371 693 3385 ι
911 3346 1451 3422 rioe‚quseiuJ'uristlietiouepotisaimum

371 3411 495 3487 lagatus]
507 3415 635 3470 Reotores
647 3417 718 3470 euim
729 3419 877 3486 provinciu-
912 3425 1073 3478 versabatur.
1092 3427 1452 3506 sroomusuessupaojrn

335 3511 403 3556 rum,
415 3495 473 3548 siue
482 3495 650 3548 successione
661 3497 831 3561 decedentes,
840 3499 876 3552 le·
913 3501 1034 3556 Proaiur.
1048 3503 1086 3557 11.
1099 3509 1126 3559 ὁ.
1198 3555 1202 3564 .
1316 3558 1321 3564 .

334 3573 877 3644 gatouquipreessentrolinquehant.ln.
946 3579 1309 3657 Foramiuururmgm]
1321 3591 1452 3646 Ordinem

370 3652 411 3706 Ne
431 3650 592 3722 iuereuur]
619 3653 727 3718 Vereor,
743 3666 782 3708 ¹ue
802 3657 874 3710 S.C.
912 3661 1031 3726 exponit,
1042 3677 1096 3730 quo
1105 3669 1197 3730 ageret
1205 3663 1451 3725 forsetaouventus

337 3729 470 3798 ejusmodi
488 3731 542 3794 hat,
561 3747 615 3798 quo
630 3732 727 3786 trihuui
744 3734 778 3786 ab
797 3735 877 3788 iuter
909 3734 1076 3801 juridicosiu
1087 3740 1360 3814 iisregiooihusquss
1369 3745 1452 3801 haba-

335 3809 693 3864 oeusioueaummoveautur.
729 3811 815 3866 lustr.
914 3813 960 3866 hat
982 3815 1010 3869 in
1031 3825 1171 3885 potestate.
1213 3821 1339 3876 Habebat
1356 3831 1454 3882 sulem

370 3893 544 3960 'smmumruJ
562 3888 727 3942 Clausulam.
914 3893 1016 3948 Cilicius
1028 3895 1309 3962 udJuuotasdioeoesos
1318 3919 1378 3966 κοῖς
1397 3907 1453 3973 Cy·

371 3964 541 4039 Acceperum]
559 3967 643 4032 Alias,
659 3967 693 4020 ab
707 3968 755 4030 his,
766 3984 834 4036 quas
845 3974 877 4022 tu
913 3971 1062 4036 binaticam,
1086 3977 1274 4044 Apamensem,
1293 3982 1454 4047 Spuuadeu-

336 4061 469 4100 ususeaus
486 4045 618 4098 Buthroto
637 4045 756 4098 dederas.
792 4050 835 4102 Ao
853 4051 876 4102 si
913 4052 1453 4126 seut.l’amplryham,l.5mouiam,1sas·

335 4124 420 4178 dieat:
441 4124 501 4176 Etsi
512 4123 572 4190 ejus
582 4123 701 4192 epistolae
715 4125 876 4181 montionem
913 4129 988 4183 uem.
1025 4131 1097 4185 Vide
1115 4134 1251 4201 sigonium
1264 4137 1300 4190 ‘da
1316 4150 1373 4193 snt.
1386 4142 1452 4213 jm

335 4203 405 4256 isoio
418 4203 505 4264 unius,
517 4203 585 4256 seito
598 4217 640 4254 me
652 4209 742 4254 tamen
754 4219 799 4256 ess
810 4222 878 4274 quo-
914 4207 1037 4263 Prooiue.
1050 4208 1091 4263 lib.
1109 4210 1148 4266 ll.
1184 4213 1319 4276 Quotirca
1333 4234 1453 4276 eorume-

336 4298 390 4350 que
400 4282 546 4349 accepisse,
558 4296 625 4348 quas
635 4280 730 4332 Romae
742 4281 877 4338 abeutuli
913 4287 1096 4358 moratsuram
1108 4289 1328 4360 tyburtii-uuus!
1402 4317 1452 4365 m,

336 4359 471 4426 triumpho
482 4359 601 4412 dederas.
636 4357 765 4412 Mistea.
912 4362 1083 4435 Synnadense,
1090 4367 1453 4445 Pawiymlpmsa'u,

371 4431 520 4507 mulsum]
538 4435 626 4490 Doleo
638 4451 768 4490 amarum.
913 4440 1066 4499 Isauricus.
1102 4447 1222 4502 ouum.

370 4509 510 4584 Hermoni]
523 4513 784 4583 Liberto,autseruo.
794 4515 875 4570 ΜΛΝ.
945 4527 1020 4592 κίῃς]
1037 4524 1153 4588 eunbo,
1164 4530 1197 4580 ut
1207 4527 1321 4582 Phemio
1335 4531 1453 4586 invema-

370 4587 512 4663 Cyis'rutb]
530 4593 600 4658 Qua
611 4595 876 4663 apudebiruuur·
910 4604 955 4660 tur
977 4603 1171 4673 msudeturqua
1192 4621 1278 4661 ooruu
1301 4614 1395 4681 aptum
1419 4626 1451 4664 se
