3225 5175
278 348 351 415 292
659 310 1010 399 remissiones,

175 526 183 541 ,
284 490 371 542 dicem
381 487 451 540 iruna
459 483 665 555 ipsurnostendl‚
675 500 737 537 cum
746 488 817 537 tran-
854 484 988 554 pingebat,
999 485 1030 533 ut
1040 481 1391 547 cuncnpeneuonmsgnn

286 562 368 620 sir'ent
387 564 445 629 irae,
475 560 589 621 Romam
613 563 819 635 proficiscentes.
855 561 1093 627 rsborslegsnrsr.
1120 556 1328 625 Nsmqnsutsm
1341 570 1388 607 cs-

287 647 578 711 Quodsutemomnem
586 642 738 708 scrupulum
747 640 821 692 erul·
856 640 966 707 ligiuem
990 638 1081 691 arent
1100 651 1172 703 srepe
1192 634 1272 687 unius
1293 634 1391 687 litterae

288 724 332 787 sit,
343 720 493 789 hujusmodi
501 726 551 772 est.
587 718 822 773 LudoviorrsBeo·
857 715 1173 787 perversiolscileorunes
1183 712 1394 766 animadvertere

289 801 401 854 catellus
418 797 637 866 archiepiscopus,
654 812 737 849 senex
755 795 823 863 opti·
858 800 1012 864 potueruut,
1023 792 1069 861 qui
1086 792 1114 844 in
1130 789 1394 866 boomnueroeurri-
1487 797 1490 800 ’

291 895 360 942 mus,
371 883 399 930 et
409 876 479 929 omni
490 876 590 928 honore
599 874 777 941 dignissimus,
788 873 823 925 de
859 874 939 941 geudi
951 872 1076 941 antiquos
1089 877 1219 932 suctores,
1228 868 1394 938 eliquentu-

291 957 369 1024 cujus
381 951 739 1020 eruditione,probitalc‚usu
750 965 825 1018 mag·
859 951 956 1004 versati
964 954 1034 1003 suut.
1060 948 1129 1001 Cum
1141 951 1231 999 autem
1239 947 1283 1013 (ut
1291 942 1396 1013 opinor)

291 1051 327 1087 no
337 1032 489 1101 reipublicae
502 1029 768 1098 Clrristisoae‚inqrra
779 1028 825 1081 ad·
860 1028 940 1095 hujus
950 1026 1048 1081 uetusti
1066 1024 1125 1078 libri
1139 1024 1248 1091 jactura
1262 1023 1335 1076 lecta
1351 1022 1397 1084 sit,

292 1111 465 1179 ministranda
476 1124 580 1167 summa
595 1124 657 1163 cum
672 1106 753 1159 laude
769 1121 826 1157 rer·
862 1112 1060 1175 ereptumquec
1071 1102 1195 1157 manibus
1203 1100 1332 1160 rusilium
1341 1115 1398 1153 rne-

293 1196 367 1246 sslus
377 1192 658 1257 est‚suprsracsrreum
674 1201 731 1237 esse
747 1199 827 1237 aocu-
859 1184 905 1251 jus
920 1182 1051 1254 purgandi
1067 1180 1116 1235 bas
1132 1180 1268 1250 epistolas,
1282 1179 1399 1233 sffimro

293 1260 375 1335 ratius
397 1265 541 1334 disputare,
558 1264 586 1317 in
606 1263 665 1317 aliis
693 1261 828 1317 nonnullis
851 1264 948 1319 ausim
961 1260 1052 1315 multis
1066 1259 1176 1327 judiciis
1186 1258 1397 1325 testimoniisque

294 1342 406 1413 egregiis
439 1341 617 1397 monumentis
653 1338 828 1407 antiquitatis,
863 1340 945 1409 hujus
959 1340 997 1395 rei
1013 1338 1168 1409 perspectis,
1179 1338 1282 1391 nullum
1293 1335 1399 1390 fidelius

295 1439 355 1492 quae
366 1420 540 1486 hebethebet
547 1420 628 1475 etiam
637 1418 762 1485 epistolas
770 1416 829 1487 pln-
864 1418 1002 1485 exemplar
1014 1416 1106 1469 borum
1118 1415 1287 1483 epistolarum
1298 1413 1400 1467 iuveni·

295 1516 347 1569 res,
367 1517 434 1574 quas
452 1498 643 1567 suspicabatur,
662 1495 830 1563 conjecturas
864 1496 896 1560 ri,
904 1511 986 1565 quam
999 1495 1050 1548 boc
1069 1495 1158 1561 ipsum
1175 1497 1225 1556 est,
1241 1493 1315 1563 quud
1328 1492 1399 1559 isur-

296 1580 425 1657 quasdam
443 1574 708 1641 usurusrrsncrscr
726 1573 831 1627 Petrsr·
850 1566 967 1642 'pridem
985 1589 1036 1641 ego
1051 1576 1147 1625 emto:
1164 1579 1399 1641 caeteraqsc‚quae

297 1654 357 1733 obe
367 1669 440 1711 esse:
452 1670 538 1725 neque
549 1654 620 1713 euim
631 1652 741 1718 integrm
751 1664 831 1706 rores
866 1652 970 1722 calamo
987 1656 1098 1705 exarata
1107 1650 1237 1713 visuntur,
1246 1648 1400 1723 fluxisseab

297 1734 341 1809 bae
357 1730 412 1790 illic
428 1735 500 1793 sunt,
518 1730 673 1799 sedprimus
686 1731 791 1782 tantum
803 1731 832 1779 ot
866 1729 917 1787 lsoc
925 1744 1034 1797 prorsus
1044 1732 1119 1797 puto,
1130 1731 1178 1780 sut
1188 1726 1296 1782 tortasse
1307 1726 1341 1779 ab
1352 1726 1400 1779 illo

298 1810 469 1881 praenomiuis
478 1814 506 1869 er
517 1808 630 1861 nominis
641 1805 832 1861 ritteraeiuilris
867 1808 1014 1879 ipso,uudo
1028 1806 1078 1863 boc
1098 1805 1256 1873 descriptum
1270 1804 1335 1859 tuit:
1352 1820 1401 1857 ne·

299 1894 409 1958 notatse.
418 1885 833 1957 Cupidusigiturveritstislrrves-
868 1903 922 1955 que
933 1885 1004 1939 euim
1017 1884 1135 1953 degerim
1143 1884 1287 1952 tieriebarn
1296 1882 1401 1951 bonpo-

189 2020 194 2027 ,
298 1965 560 2038 tigandae,quocsirit
576 1982 611 2017 ex
630 1978 673 2038 me
687 1979 720 2017 sn
740 1977 833 2018 verum
868 1965 971 2028 tuisse3
992 1964 1072 2031 cujus
1094 1972 1184 2019 tamen
1204 1963 1243 2015 rei
1260 1964 1401 2031 vestigium

299 2040 375 2115 iuret,
391 2044 464 2111 quod
484 2042 626 2111 aliquando
643 2041 769 2105 audisset,
786 2055 834 2093 ex·
869 2048 972 2096 certum
986 2043 1089 2096 nullum
1105 2042 1169 2106 ridi.
1176 2041 1295 2111 nihilque
1310 2047 1404 2095 eorus
1500 2064 1505 2078 ¹

300 2128 357 2194 tare
368 2123 439 2191 apud
451 2120 645 2178 unicissimum
653 2120 776 2188 epistolas
783 2119 835 2171 Pe·
869 2124 1017 2192 comestum
1026 2119 1114 2176 adbuc
1124 2121 1153 2173 in
1161 2120 1328 2188 bisepistolis
1341 2134 1403 2190 rog·

300 2200 410 2255 barchae
423 2200 634 2271 manuscriptas·
663 2196 798 2269 Respondi
806 2195 836 2247 id
869 2199 941 2266 nori,
953 2198 1030 2265 cujus
1041 2214 1110 2251 verse
1122 2198 1243 2251 lectionis
1254 2214 1310 2251 non
1322 2214 1405 2267 eppe·

201 2314 207 2323 -
301 2278 372 2351 quod
392 2284 457 2339 erat,
473 2294 518 2353 rne
537 2279 575 2337 ila
592 2276 702 2345 opinari,
722 2280 836 2332 cunctos
870 2281 946 2352 reeut
956 2277 1068 2359 vestigia
1078 2277 1106 2329 in
1117 2276 1168 2329 boc
1179 2291 1241 2329 meo
1250 2277 1405 2345 exemplari,
1476 2320 1481 2336 ,

301 2355 460 2431 ipsiusque
469 2362 600 2415 vetustate
608 2357 772 2422 consumptae
781 2368 835 2405 non
869 2361 1047 2430 preterquam
1063 2354 1086 2407 si
1104 2355 1322 2425 queconjectura
1332 2357 1407 2409 resti-

303 2438 373 2513 susl,
386 2435 413 2487 lrr
423 2426 527 2491 durrus
544 2432 722 2488 voluminibus
738 2432 781 2487 bio
796 2431 848 2486 ina
871 2437 931 2486 tuta
941 2440 1017 2488 sunt:
1036 2450 1099 2503 quse
1119 2433 1186 2488 ratio
1203 2433 1352 2501 conigeodi
1362 2450 1407 2486 re·

302 2512 399 2573 veniri:
412 2528 524 2583 quorum
537 2512 648 2564 altcmm
661 2508 731 2579 apud
743 2524 786 2563 me
796 2524 838 2561 es-
872 2516 941 2565 teres
959 2515 1081 2566 suctores
1096 2528 1177 2580 quern
1186 2511 1290 2565 lubrica
1299 2518 1328 2566 et
1337 2514 1406 2581 peri-

170 2613 173 2630 ·
216 2631 221 2640 .
304 2595 353 2643 set
372 2587 839 2657 contulimusigituraccuroleepis·
872 2590 963 2644 coloss
979 2591 1022 2656 sit,
1033 2590 1144 2646 arbitror
1158 2606 1202 2644 me
1219 2591 1310 2649 multis
1327 2608 1406 2659 argu-

304 2668 372 2734 tolas
391 2668 450 2720 illas
472 2667 622 2724 Petrerchae
646 2667 769 2738 pusillas:
788 2665 838 2718 mi-
873 2670 969 2723 meutis
987 2669 1116 2722 docuisse
1152 2669 1222 2724 curn
1242 2669 1324 2736 igitur
1344 2674 1407 2738 post

303 2745 838 2821 suroeenimsunrrenuesque,(quaersu-
874 2746 989 2814 spatium
998 2761 1089 2801 xxxv.
1099 2749 1408 2802 suuoromroluntostu·

303 2838 333 2900 ss
344 2823 452 2875 fortasse
463 2821 660 2890 fuit‚utposles
668 2822 695 2874 in
704 2823 838 2886 volumen,
873 2823 954 2884 iisset,
963 2826 995 2876 nt
1011 2840 1101 2880 rursus
1112 2823 1161 2878 boc
1172 2826 1328 2892 praclarum
1338 2841 1407 2894 opus

305 2898 377 2974 quod
391 2899 494 2954 editum
515 2907 565 2963 est,
575 2897 691 2954 redactas
709 2914 765 2952 nou
782 2897 839 2952 lue-
874 2903 1027 2967 recolerem,
1048 2907 1129 2971 utque
1148 2903 1177 2956 id
1198 2919 1271 2958 nune
1285 2905 1373 2961 lacero
1390 2921 1408 2960 ι

304 2975 370 3041 rint)
378 2990 440 3040 cum
452 2991 512 3028 meo
522 2975 692 3043 epistolarum
703 2975 840 3031 Ciceronis
874 2978 1034 3048 quibusdam
1046 2979 1218 3039 familiaribus
1232 2981 1299 3038 meis
1312 2983 1409 3052 impul-

306 3039 455 3136 iolunrirre:
469 3053 630 3122 singulisque
638 3055 730 3109 litteris
739 3047 840 3108 lenuis·
874 3072 920 3108 sus
935 3072 1020 3108 essem
1037 3071 1069 3108 ec
1086 3072 1155 3126 pene
1170 3063 1290 3124 coactus,
1300 3061 1408 3130 coniugi

307 3146 359 3204 que
377 3133 494 3202 ipserum
514 3132 675 3200 ponderatis,
700 3131 840 3188 convenire
866 3133 970 3188 iterum
985 3134 1021 3187 sd
1034 3137 1152 3191 eundem
1168 3135 1245 3190 illurn
1266 3138 1371 3204 librum,
1389 3157 1408 3194 e

305 3212 396 3280 omnia
410 3211 518 3264 mirilico
537 3211 606 3264 inter
616 3227 644 3262 se
656 3209 841 3264 snimsuserri-
875 3227 930 3284 quo
944 3213 1030 3281 primo
1048 3217 1153 3268 tautum
1172 3216 1289 3283 presidii
1306 3218 1408 3289 accepi,

306 3305 376 3353 mus,
385 3293 416 3345 ut
424 3305 531 3358 prorsus
539 3293 566 3341 et
575 3288 626 3342 illae
634 3287 754 3340 etcodox
764 3303 841 3340 meus
876 3298 956 3360 srqus
967 3291 1056 3360 ipsum
1064 3291 1158 3344 sedulo
1168 3296 1288 3348 usotsri.
1311 3296 1409 3351 Obser-

307 3367 341 3450 tb
360 3367 454 3422 eodem
469 3367 576 3422 lromiue
587 3363 700 3444 scriptus
711 3366 841 3434 intelligo-
875 3366 937 3422 rari
948 3375 1038 3422 autom
1047 3369 1075 3421 in
1081 3369 1132 3422 boo
1140 3371 1211 3440 quod
1219 3373 1335 3438 sereser
1344 3391 1410 3445 quo·

306 3451 386 3522 retur.
404 3445 516 3516 Utinam
527 3445 688 3502 inveniretur
696 3447 841 3514 exemplos,
876 3447 941 3506 tidie
952 3449 1038 3515 magis
1052 3463 1144 3505 rerum
1152 3465 1219 3512 esse,
1230 3453 1411 3522 custodirique

307 3524 380 3586 unde
396 3523 444 3576 hes
460 3523 495 3578 ari
508 3525 629 3578 Atticum
642 3523 780 3592 descripsit
791 3523 842 3576 Po-
877 3525 974 3578 debere
985 3527 1154 3594 intelligunt
1164 3544 1198 3580 ne
1207 3527 1292 3584 letum
1300 3531 1410 3599 quidem

307 3601 419 3694 parcho,
430 3606 461 3656 ut
476 3607 551 3656 extat
568 3603 644 3668 illud,
655 3619 708 3672 quo
727 3617 790 3656 usus
800 3604 843 3656 est
876 3620 994 3672 unguem
1015 3605 1182 3659 discederem
1199 3606 1234 3659 ab
1252 3609 1412 3666 suonrrtsrs

308 3696 337 3743 ur
349 3679 527 3733 describendis
542 3681 630 3737 alteris
648 3681 708 3746 illis,
719 3697 779 3750 qum
791 3679 843 3733 Fu·
878 3684 1047 3753 antiquorum
1058 3683 1200 3738 librorum:
1216 3684 1348 3753 inprimis
1363 3703 1411 3740 au·

307 3758 422 3834 miliares
441 3759 607 3826 appellantur
622 3757 668 3824 (de
688 3757 765 3824 errius
777 3757 843 3810 libri
877 3759 932 3817 lom
945 3761 1031 3829 liujus,
1043 3763 1137 3816 merito
1151 3761 1261 3830 quidem
1275 3763 1340 3818 mibi
1351 3780 1412 3832 pro-

309 3836 843 3924 pnthuitaleomuircrrerationcdigua,
878 3839 942 3907 bati,
952 3840 1120 3912 exemplaris.
1148 3839 1256 3894 Vellem
1268 3840 1345 3895 Deus
1354 3848 1411 3912 opt.

308 3913 449 3984 magnifico
469 3915 693 3982 multarumque
713 3914 765 3966 alio
783 3915 844 3967 loco
878 3933 950 3972 marr.
962 3917 1412 3982 mentemdedirsetutidemtsce-

309 3993 465 4070 praedicari)
484 3993 643 4069 conliderem
671 4008 715 4046 me
742 3985 844 4046 suillio
861 4002 946 4060 rent,
956 4011 1011 4048 nou
1022 3996 1124 4064 peusis,
1133 3995 1219 4050 doctis
1230 4002 1259 4049 et
1269 3997 1413 4066 ingeniosis

309 4071 369 4140 ejus
385 4071 488 4140 antiqui
502 4070 561 4124 libri
581 4085 636 4124 norr
653 4085 739 4144 pauca
754 4069 842 4124 adhuc
879 4074 949 4138 viris,
960 4078 988 4125 et
1007 4089 1062 4127 nou
1077 4080 1215 4143 tantopere
1233 4075 1272 4129 illi
1293 4078 1412 4132 acumini

196 4176 202 4184 -
309 4150 407 4204 locain
419 4149 459 4202 lris
468 4147 585 4218 epistolis
598 4147 739 4202 emendare
756 4163 844 4215 posse,
878 4148 1031 4217 suiiugouii
1041 4150 1218 4219 indulgerent,
1229 4140 1337 4206 meliore
1352 4155 1413 4210 roso

309 4219 455 4304 praesertim
466 4227 514 4290 ubi
523 4227 618 4279 Graecs
628 4225 717 4293 aliquo
728 4225 844 4278 vocobu-
878 4229 921 4291 (ut
928 4226 1052 4291 arbitror)
1060 4233 1163 4284 veteres
1173 4232 1314 4301 scriptores
1320 4232 1413 4289 forent.

309 4307 417 4376 insunt,
425 4306 502 4373 cujus
514 4301 640 4363 sermonis
648 4301 844 4369 Petmrcbari-
880 4305 961 4368 Quod
969 4305 1414 4384 stariqusndoerismlsuissriqsrd

310 4383 349 4440 tio
364 4386 435 4438 illius
451 4385 545 4446 etatis,
560 4383 697 4452 imperitus
708 4381 772 4434 luit:
791 4397 843 4435 neo
879 4383 1022 4454 mundique
1035 4383 1094 4452 ipsa
1105 4373 1256 4456 occupavit,
1270 4391 1342 4458 quod
1355 4408 1414 4460 spe-

310 4460 704 4536 tamennonmteratomoiin
720 4475 748 4512 re
764 4475 844 4514 eccu—
879 4461 948 4515 ciero
968 4462 1033 4514 recti
1057 4461 1169 4516 lrabeat:
1197 4470 1225 4518 ot
1244 4483 1300 4520 non
1323 4476 1413 4538 sporta

310 4539 395 4607 ratus)
402 4539 440 4594 its
448 4541 529 4594 etism
538 4541 618 4596 verbs
627 4539 775 4608 illa,iguola
784 4539 844 4609 sibi,
879 4539 961 4607 culpa
978 4539 1142 4594 librariorum
1161 4545 1332 4600 conmissum
1354 4563 1414 4608 esso
