3225 5175
164 402 168 419 .
276 324 349 393 372
563 314 715 375 suist.
737 317 798 373 sn
821 304 920 372 iun.
943 315 1032 371 usu.
1055 312 1111 369 111.

280 428 824 537 businperinmxeroitumtipeddtum,
859 486 922 524 eum
942 470 989 523 lex
1006 468 1042 523 de
1059 462 1202 537 protiuoiis
1218 464 1408 520 eousuhribns

275 548 367 617 'legati
390 546 531 601 debentur.
566 544 620 599 Sed
642 546 703 613 lege
723 544 826 597 curten
860 545 1409 617 sdpopuiumienetsn,tntereedeeepu-

284 642 341 681 nou
353 642 446 679 omues
462 624 538 677 ibent
551 624 580 678 in
597 623 755 693 provincius,
769 624 827 676 ide·
860 629 982 681 tuisseut.
1006 625 1068 689 Quo
1076 628 1149 677 metu
1162 624 1287 675 consutos
1298 624 1333 675 ud
1342 633 1407 675 euu-

287 720 358 774 oque
381 720 436 757 nou
460 718 554 756 omues
577 702 686 773 publicu
708 706 826 781 suusptu.
862 706 992 763 citisudos
1016 703 1066 759 sibi
1090 702 1211 755 tribunos
1232 703 1323 754 omnis
1343 718 1409 754 uos·

289 782 377 853 Epist.
389 788 414 836 9.
428 782 446 834 Ι.
459 779 483 834 1.
502 780 577 835 Fum.
612 779 698 835 luen.
763 800 766 807 ·
862 777 1146 841 tneausuteeissent
1166 781 1189 833 si
1207 779 1242 832 de
1260 780 1337 834 nobis
1353 780 1410 847 pri-

316 860 440 923 videre]
452 858 673 913 Videretnrfflos.
685 856 828 912 Bainun.
864 878 898 915 us
920 864 949 915 iu
969 865 1074 931 senatu,
1094 874 1178 929 quum
1200 859 1237 911 de
1255 858 1408 928 pensionis,

260 944 265 953 '
324 938 451 1009 Expertes
468 936 578 1005 comitii]
597 938 660 990 Hoc
682 938 755 989 euim
771 936 830 988 siue
853 945 998 1008 «ageretur.
1026 933 1122 991 'Nune
1140 937 1220 990 video
1238 943 1326 990 vestro
1342 953 1409 990 eon·

258 1034 263 1042 ·
291 1032 383 1069 eorum
394 1018 506 1070 eonsiiio
521 1014 629 1069 fecistis.
664 1016 743 1069 Mun.
866 1017 1060 1070 sensutaetum
1072 1031 1140 1079 esse,
1156 1016 1410 1084 priusutugesetur

324 1094 422 1169 Nostra
432 1090 598 1167 concessione]
618 1094 677 1147 Nisi
686 1094 758 1146 euim
767 1108 832 1145 uuu-
867 1097 903 1149 de
922 1093 1072 1165 provinciis.
1107 1092 1152 1146 ltu
1166 1109 1255 1162 neque
1269 1095 1327 1161 jam
1343 1110 1410 1146 euu-

291 1188 397 1227 oessnm
415 1189 432 1226 u
452 1173 529 1227 nobis
550 1178 630 1237 esset,
649 1178 680 1225 ut
700 1188 717 1225 u
736 1177 833 1225 seuutn
868 1174 940 1227 unies
957 1179 1093 1227 tenemus:
1119 1171 1226 1241 qttibus,
1245 1174 1320 1226 nullu
1334 1188 1408 1225 nunu

291 1243 600 1321 oonsuiuiesproviuuiae
613 1254 777 1313 ornarentur,
794 1251 835 1303 di·
870 1254 1030 1305 necessitate
1059 1250 1202 1313 obstrictis,
1227 1250 1339 1304 liberum
1367 1255 1412 1303 est

292 1330 348 1384 istu
358 1346 401 1383 res
409 1348 427 1384 u
437 1331 571 1384 veteribus
581 1330 692 1383 tribunis
701 1328 787 1397 plebis
798 1329 834 1380 ud
869 1331 1001 1403 quidquid
1015 1330 1124 1383 volunt:
1137 1336 1172 1383 et
1181 1331 1302 1383 tribunos
1315 1330 1412 1400 piebis,

290 1422 375 1461 novos
392 1408 551 1462 devenisset.
587 1408 657 1472 Quae
669 1424 731 1460 cum
744 1414 836 1459 nostre
870 1427 933 1464 eum
947 1408 1008 1476 jure
1026 1424 1185 1461 succensere
1199 1408 1310 1477 possint,
1322 1426 1414 1462 seems

293 1489 468 1541 concessione
483 1492 545 1540 unte
563 1485 687 1539 contecta
697 1486 741 1551 sit,
752 1501 835 1555 quum
864 1482 905 1542 v'ue
918 1486 1094 1540 amiserimus.
1129 1485 1246 1539 Minue.

294 1564 407 1632 ingressi
418 1565 604 1633 mgistratum
616 1564 659 1616 sui
671 1563 740 1630 juris
756 1564 789 1627 vi,
808 1567 837 1616 et
867 1580 872 1591 ·
907 1564 982 1619 Ns'is'i
997 1561 1142 1637 dcem]
1162 1565 1235 1618 Num
1252 1580 1416 1634 quecunque

292 1648 427 1710 potestate
450 1646 490 1696 nti
512 1642 656 1713 potuerint,
675 1641 736 1709 jure
758 1642 836 1695 uubis
873 1644 907 1697 de
918 1660 947 1696 re
958 1660 1027 1697 euss.
1039 1644 1150 1696 verbum
1166 1644 1415 1713 iuuereueperunt,

290 1728 466 1775 ‘succensent
502 1721 588 1775 quu.
873 1722 1415 1785 uutreierreudseuntum,eunctusurdo

291 1799 474 1869 ’'Omend's]
512 1800 556 1852 Sic
585 1814 678 1852 ornere
702 1808 837 1870 peiores,
868 1802 1010 1853 'reclamet
1033 1801 1215 1869 Ostenditque
1223 1800 1414 1855 nihiieosessu

297 1878 349 1947 Ep.
360 1884 385 1933 3.
396 1878 443 1945 iib.
455 1879 496 1933 11.
509 1878 543 1933 nd
555 1876 590 1943 Q.
601 1878 632 1931 ir.
651 1878 689 1930 sio
700 1879 838 1951 magistre·
874 1884 990 1943 tuturos,
1008 1879 1061 1932 nisi
1081 1879 1154 1947 prius
1174 1880 1209 1931 de
1227 1896 1269 1932 me
1288 1880 1413 1934 referant.

297 1966 440 2024 nisonnter,
451 1958 512 2011 Liv.
525 1958 570 2011 lib.
584 1953 680 2010 XLII.
695 1956 733 2009 sie
743 1958 840 2011 derem-
859 1995 862 2002 -
875 1954 951 2011 Orat.
964 1958 992 2010 in
1002 1956 1061 2011 Pir.
1071 1965 1129 2029 poet
1136 1957 1191 2010 red.
1202 1956 1230 2010 in
1243 1968 1321 2013 senet.
1330 1968 1354 2011 et
1361 1975 1415 2030 pro

296 2034 373 2103 viros,
385 2037 460 2090 Orat.
470 2040 497 2091 2.
508 2042 601 2090 conns
615 2034 685 2089 ituit
703 2042 731 2089 et
742 2036 840 2105 quibus
875 2034 946 2090 Sext.
981 2036 1069 2090 Coun.

298 2120 457 2169 ornarentur
475 2116 563 2169 rebus.
598 2114 729 2167 Consules
748 2118 839 2167 sutem
911 2112 1244 2188 Praeertims'nenouuee]
1261 2114 1305 2169 De
1322 2131 1420 2169 muu-

299 2200 376 2248 eruut
396 2196 428 2249 P.
446 2194 589 2259 Ieniulus,
609 2192 690 2255 etQ.
710 2190 841 2245 Metellus
877 2190 1080 2259 disprovineiis
1114 2192 1201 2247 ineu.

298 2272 401 2342 Nepos.
430 2273 520 2327 Coun.
914 2268 1056 2341 Nititjm
1068 2272 1152 2341 poerit
1165 2273 1339 2337 nondeoem]
1355 2272 1418 2327 Jutu

334 2347 529 2423 Asijsngnent]
555 2347 694 2403 Beneficio
716 2362 771 2401 uun
792 2349 843 2401 isu-
875 2347 945 2402 nihii
964 2350 1024 2412 erit,
1043 2350 1116 2418 quod
1136 2357 1236 2405 nostre
1256 2367 1347 2405 causae
1365 2366 1419 2405 uon

299 2427 435 2498 pedieudi.
471 2428 589 2482 Minor.
880 2432 1068 2495 anteponatur.
1102 2428 1220 2483 Minue.

300 2526 303 2533 ’
337 2506 428 2561 Libere
439 2506 543 2578 faeere]
562 2506 635 2572 Quin
648 2506 712 2559 nihii
729 2505 843 2573 emplius
914 2504 1152 2575 Adquorrelutson
1168 2504 1218 2580 est]
1236 2508 1423 2572 Quoshuudo
1472 2539 1477 2549 ·

302 2605 319 2640 u
329 2587 407 2641 nobis
418 2589 572 2656 expectent,
585 2603 648 2640 uum
663 2584 721 2652 jam
735 2584 776 2637 sui
789 2586 844 2637 voti
879 2599 910 2638 re
921 2584 1057 2637 eonsnitos
1069 2601 1085 2637 a
1097 2586 1175 2639 nobis
1186 2603 1245 2641 esse
1255 2589 1357 2642 scribis.
1374 2587 1419 2640 In.

303 2672 441 2737 compotes
462 2666 527 2720 sueti
548 2667 610 2726 siut,
627 2665 777 2734 provincius
794 2679 844 2734 per
914 2659 1077 2715 &unitatem
1086 2660 1263 2719 humanissime
1277 2666 1422 2737 deponeret]

301 2751 424 2798 senatum
438 2743 563 2798 assecuti.
599 2743 684 2797 Insu-
880 2741 916 2794 In
930 2741 1068 2794 tribunatu
1088 2750 1312 2813 susceptum,‚ep.
1332 2749 1358 2798 2
1376 2743 1422 2796 db.

337 2821 413 2876 Nihil
420 2821 504 2894 porse]
522 2823 596 2876 Nihil
610 2823 682 2875 enini
693 2821 745 2890 ipsi
757 2837 804 2888 per
815 2837 845 2874 se
880 2819 917 2872 V.
936 2821 1011 2873 Fam.
1047 2819 1181 2890 Deposuit
1201 2828 1292 2875 nutem
1313 2839 1373 2876 euru
1392 2822 1421 2874 iu

303 2902 550 2971 nousuiespossent‚
560 2915 622 2954 curn
632 2915 714 2968 penes
724 2901 845 2954 tribunos
881 2899 982 2967 templo
994 2893 1079 2962 iovis,
1091 2905 1227 2967 permotus
1239 2918 1302 2954 uum
1314 2907 1423 2955 seuttus

302 2979 388 3048 piebis
400 2980 434 3030 sit
445 2976 629 3032 intercedendi
643 2981 770 3046 potestas.
800 2977 846 3030 ln.
883 2979 1050 3039 auctoritate,
1065 2982 1122 3030 tum
1136 2980 1166 3032 P.
1179 2981 1283 3033 Servilii
1294 2981 1424 3051 genuitate

338 3054 373 3108 Se
384 3052 481 3128 inuitis]
500 3055 570 3123 Ipsis
579 3045 693 3106 triburiis
705 3054 790 3124 piebis
799 3052 846 3124 qui
883 3055 999 3108 dicendi.
1035 3055 1111 3109 Orat.
1129 3056 1295 3113 dePruoine.
1309 3057 1424 3112 Connus

304 3149 414 3188 causum
437 3133 616 3201 intentent
635 3131 713 3184 uobis
734 3146 847 3186 sucueu-
883 3133 942 3186 Pir.
953 3144 978 3188 et
986 3143 1046 3204 port
1055 3135 1248 3190 redinSenat.
1283 3137 1370 3191 Coun.

305 3215 389 3266 sesni.
425 3210 511 3265 lusu.
918 3211 1019 3285 Nedon
1033 3217 1128 3281 unm]
1149 3215 1318 3284 legendum,
1333 3232 1365 3268 ne
1381 3215 1426 3268 ier

339 3285 418 3344 Nullo
439 3291 524 3360 node]
551 3289 623 3354 Quin
639 3287 738 3342 tribuni
759 3288 846 3356 piebis
883 3301 1036 3345 moenere
1047 3293 1273 3364 potuerintntsn
1308 3294 1426 3349 Mnusr.

304 3490 341 3542 sa
667 3455 1070 3543 cicnnoiu'ncosnu

273 3675 277 3682 ,
339 3619 383 3674 De
404 3615 456 3691 sne]
489 3617 523 3671 Iu
548 3616 660 3687 putrium
685 3617 847 3672 revocando.
884 3619 967 3688 Legis
990 3623 1082 3672 umen
1107 3621 1235 3674 lationem
1258 3622 1426 3690 expectsrit:

306 3699 386 3754 ΜΛΝ.
665 3735 667 3742 >
883 3701 963 3752 rediit
985 3699 1057 3752 enirn
1081 3714 1136 3752 uon
1157 3707 1221 3754 onte
1239 3702 1323 3769 pridie
1341 3715 1427 3752 nouus

340 3777 451 3850 Legum]
469 3774 503 3828 ln
521 3789 554 3827 eu
571 3771 644 3826 euim
663 3777 848 3827 senatus-cou-
883 3778 959 3832 Sext
977 3777 1063 3832 lusu.
1100 3777 1146 3832 Uti
1160 3779 1311 3833 «mentm
1324 3787 1436 3830 mutus·

305 3859 375 3911 suito
398 3856 526 3924 scriptum
548 3855 614 3916 erui,
634 3867 688 3905 non
710 3854 796 3906 sulum
816 3858 849 3906 ut
884 3857 1053 3921 dicebantur,
1069 3857 1184 3926 quirem
1196 3855 1427 3925 suscipiebantu-

306 3939 350 3990 lex
370 3935 404 3988 de
423 3933 561 3994 Cicerone,
582 3930 630 3982 sed
650 3929 680 3982 ut
699 3932 759 3986 uiiae
782 3931 847 3984 item
884 3936 960 3988 nutui
978 3936 1118 4004 probatum
1136 3937 1311 4003 etpiucitusu;
1328 3934 1378 3986 etsi
1390 3936 1427 3987 de

305 4011 499 4084 iegesuliisde
518 4010 598 4063 rebus
614 4008 848 4076 eodentenrpore
884 4028 925 4074 en,
942 4014 978 4066 ub
994 4014 1211 4068 intercessionem
1222 4013 1387 4065 tn'bunoruns
1398 4018 1428 4066 et
1460 4044 1464 4052 ·

304 4093 443 4154 ferrentur.
478 4089 564 4142 luen.
809 4130 811 4133 .
885 4091 937 4144 siin
945 4091 1145 4161 impedimento,
1153 4091 1428 4145 senatus-cousuitum

339 4170 372 4224 Si
387 4161 578 4238 obtrectantur]
596 4165 625 4218 Si
646 4163 705 4234 quis
724 4163 848 4216 tribunus
885 4171 994 4222 solenne
1011 4169 1075 4232 fleri,
1092 4175 1121 4222 et
1138 4170 1288 4238 legitimum
1307 4186 1362 4222 uon
1379 4186 1428 4238 pu-

303 4249 491 4320 plebislegum
505 4245 633 4299 lotionem
647 4242 783 4310 impediet.
803 4241 847 4294 lu.
884 4248 1005 4302 tuissett'
1025 4244 1182 4316 contenipto
1204 4247 1333 4317 periculo,
1355 4249 1429 4317 quod

340 4328 502 4396 desetor-itate
522 4317 635 4386 renatus]
669 4321 702 4374 ln
734 4321 847 4388 patriam
883 4330 1023 4394 pmprerea
1035 4326 1209 4378 metuendum
1223 4333 1303 4380 esset.
1326 4327 1430 4392 Livius,

305 4405 409 4465 redib03
426 4405 506 4456 etiam
529 4404 550 4454 si
571 4400 637 4453 mihi
655 4399 689 4452 ob
710 4415 769 4450 eam
791 4415 846 4453 rem
883 4401 934 4455 lv,
945 4407 988 4468 57,
1001 4404 1046 4457 ubi
1058 4403 1189 4458 videndus
1200 4404 1339 4470 Sigonius.
1357 4405 1385 4459 J.
1399 4406 1448 4480 1³2,

305 4481 440 4538 diminutio
461 4497 524 4534 eum
547 4479 663 4534 inimicis
681 4477 846 4548 impendeat.
883 4482 974 4535 Giton·
