3225 5175
507 389 569 448 an
593 391 820 449 cumcun
846 369 936 451 nre'.
958 392 1044 453 xiv.
1256 399 1330 468 499

209 555 281 604 rum,
289 539 411 594 nominat
422 538 621 595 Plutarchns'in
632 540 749 605 Caesare,
785 556 849 598 cum
861 543 1003 614 pecuniam
1011 545 1166 616 imperatam
1176 561 1229 604 nou
1239 549 1327 605 solve-

212 623 240 672 et
257 620 353 673 Floms
371 617 478 674 iilan.
496 619 664 691 Frangonem
683 625 749 688 puto
785 625 853 682 rent,
860 621 1151 691 Caesarcoruoragmm
1161 627 1323 696 proscripsit.

209 711 278 765 esse,
289 714 370 768 quem
382 698 437 752 Dio
446 699 492 752 lib.
502 698 647 753 xnvltt.
658 697 750 754 Cliu-
784 698 901 764 Atticus,
920 700 966 770 qui
986 700 1123 756 civitatem
1140 713 1323 760 conservatam

210 773 301 830 ficium
309 777 576 845 Frangonemrocat,
594 777 639 832 coi
655 792 749 845 regen·
784 781 1050 856 cuperetpccuniam
1061 784 1249 838 numeravitde
1261 802 1324 849 soor

206 855 272 908 dam
280 855 399 908 diriccm
411 870 473 908 curu
485 853 615 909 Numidia
624 854 749 908 Octavia·
784 857 813 906 et
828 865 845 907 o
863 856 970 910 Caesarc
984 859 1119 912 decrctnm
1137 861 1257 926 abstulit,
1267 881 1322 934 qno

206 947 261 985 nus
272 933 355 986 dedit.
391 933 472 986 Min.
783 932 920 988 Buthrotii
931 935 1118 991 liberabantur.
1148 939 1219 993 iilud
1232 941 1323 994 decre·

243 1008 405 1080 Illo]dgrns
414 1011 675 1067 ectesare'donetos.
693 1013 748 1068 Cu·
764 1011 768 1016 ’
782 1015 842 1063 tum
855 1011 1223 1072 AtticnsintertoctoCorsarc
1232 1035 1293 1072 curn
1305 1038 1322 1073 a

173 1129 179 1150 ,
207 1089 287 1158 piunt
296 1089 379 1157 igitur
389 1089 479 1142 omniu
491 1089 602 1142 misceri.
625 1091 712 1145 Iners.
782 1091 1324 1165 consulibuscnnfirmarivoliet,quibusot

243 1168 287 1222 De
307 1167 430 1236 Curtilio]
449 1169 517 1222 Com
541 1168 641 1236 scripsi,
660 1170 746 1238 indig-
782 1167 1065 1234 senatus-consultum,
1081 1177 1109 1224 et
1126 1175 1171 1226 lcx
1191 1178 1322 1244 cognitio·

207 1261 275 1300 num
286 1247 432 1316 esse‚qood
439 1246 546 1300 Sextiiii
557 1246 671 1300 tondum
679 1249 746 1301 Cur·
781 1261 843 1298 nem
855 1247 937 1302 dabat
955 1265 1046 1302 earnm
1058 1267 1154 1314 rerum,
1169 1270 1236 1322 quas
1260 1255 1321 1308 Cae·

207 1326 282 1378 titius
297 1326 407 1378 verbero
418 1325 580 1393 possiderem
598 1326 745 1393 significari
781 1341 824 1376 scr
846 1327 991 1391 statuisset,
1012 1329 1318 1404 decrevissetegissen

202 1405 289 1458 etiem
301 1403 336 1458 de
347 1403 585 1467 fondoCensorini,
597 1403 745 1457 deMcssc·
782 1403 919 1458 Ciceronis
942 1407 969 1459 in
988 1423 1021 1460 cs
1040 1425 1067 1460 rc
1085 1415 1142 1462 tom
1155 1411 1248 1478 gratia,
1261 1418 1318 1466 tum
1366 1447 1369 1460 .

206 1483 250 1544 le,
261 1483 296 1535 de
308 1483 410 1545 Planci,
421 1483 456 1540 dc
466 1483 612 1544 Postumii;
630 1498 743 1550 quornm
781 1486 941 1536 auctoritate
952 1486 1086 1539 utebatur.
1123 1489 1176 1558 Ep.
1187 1493 1229 1542 14.
1239 1488 1319 1558 hujus

148 1561 154 1570 ‘
202 1561 304 1614 fundos
314 1561 494 1623 Caesarianis
504 1562 611 1613 Caesare
622 1561 744 1625 donatos,
767 1561 886 1625 ‘iibrict
901 1567 938 1617 16.
951 1563 996 1616 lib.
1009 1561 1093 1617 XVI.
1129 1565 1215 1622 iosos.

202 1639 378 1708 possiderent.
414 1638 502 1692 louet.
815 1639 862 1694 Aa
871 1644 984 1706 ermeno]
1006 1643 1136 1710 Sobaodi,
1148 1648 1318 1715 perducatur.

239 1713 367 1788 Mmolc]
381 1715 744 1786 Contraretereslibrosopi·
780 1715 819 1772 ut
841 1733 936 1774 seusus
954 1719 997 1773 hic
1018 1722 1068 1775 sil:
1094 1724 1166 1794 qnod
1187 1727 1254 1780 scire
1270 1729 1318 1802 sis,

203 1795 412 1862 noricgeudnm
429 1810 496 1860 esse,
514 1795 637 1849 Mustela.
672 1795 742 1847 Nam
779 1813 847 1870 num
857 1813 908 1866 ego
919 1797 962 1852 hic
974 1799 1106 1855 Cluviana
1118 1800 1245 1857 boua'ita
1255 1821 1319 1859 con·
1396 1816 1401 1830 ‘

203 1887 293 1942 neque
312 1874 427 1926 mutatio
449 1889 547 1940 magns
566 1876 612 1936 tit;
628 1878 655 1925 ct
674 1873 744 1926 inter
778 1875 961 1936 stitncrim.ut
973 1893 1007 1930 ex
1022 1879 1055 1932 iis
1075 1881 1186 1948 posthac
1202 1879 1319 1958 centena

203 1950 315 2004 Antonii
327 1951 432 2004 sodales
442 1951 600 2016 Mustelam,
608 1967 661 2002 non
670 1951 744 2003 Mes·
779 1953 848 2005 H-S.
857 1956 1001 2022 quotannis
1012 1973 1107 2026 capere
1116 1963 1224 2028 possim.
1254 1962 1299 2020 In.
1370 2013 1376 2020 .

199 2030 410 2082 calaminveuio.
430 2028 503 2082 Plrii.
516 2030 554 2082 ΙΙ.
567 2033 593 2081 4.
605 2029 641 2082 V.
652 2034 678 2084 6.
697 2029 742 2083 In.
813 2031 985 2099 Deterrimur]
1011 2034 1055 2086 Ex
1075 2037 1124 2090 illa
1144 2057 1249 2094 summu
1271 2044 1318 2096 dc-

239 2105 318 2167 Quod
325 2103 466 2178 nuncium]
478 2107 742 2177 Lege,quodutinam
777 2110 908 2162 traximus
920 2116 948 2163 ct
960 2113 1135 2168 diminuimus
1145 2133 1234 2172 cxxx.
1247 2121 1316 2178 H-S.

199 2185 341 2250 oceidr'rrct,
350 2190 378 2237 et
388 2185 531 2237 istaverba
540 2185 691 2253 parenthesi
701 2186 742 2237 in·
777 2203 838 2257 qnae
857 2187 1037 2258 impendimus
1056 2193 1090 2245 ad
1113 2210 1146 2246 ea
1162 2195 1317 2266 reficiendo,

199 2265 293 2316 clude.
327 2262 355 2317 J.
365 2264 398 2317 F.
407 2265 499 2317 Gnou.
777 2270 1050 2335 qnaeerantrninoss.
1086 2273 1131 2325 Sic
1152 2277 1223 2329 enirn
1245 2278 1316 2335 lrunc

232 2345 363 2412 Ἃζίθιμπ]
392 2342 490 2407 litem,
502 2343 738 2396 concertationem.
775 2345 865 2398 locum
877 2347 1036 2416 interpretor
1046 2367 1081 2402 cx
1093 2368 1136 2420 op.
1150 2359 1175 2406 o.
1188 2353 1268 2423 hujus
1287 2349 1318 2410 ii·

198 2419 390 2488 subintellige,
402 2419 519 2473 loturam
528 2424 641 2474 constat
660 2420 739 2473 Mis.
776 2422 860 2484 brici
869 2441 900 2476 ea
909 2441 946 2494 qn
980 2429 1101 2495 proxime
1111 2434 1239 2499 sequitur.
1249 2431 1316 2496 Bos.

237 2497 378 2554 Botirotin
394 2498 458 2553 miii
475 2509 519 2553 toa
533 2496 586 2572 m]
604 2498 739 2554 Buthrotii
812 2443 970 2578 tricenteni
987 2505 1105 2570 Quintus
1116 2511 1194 2569 dilus,
1293 2566 1296 2574 ,

524 2680 666 2739 CICERO
682 2684 824 2741 At'rtco
843 2686 922 2743 SAL.
1284 2706 1315 2759 li

231 2821 368 2887 Ἀκυληίαν]
382 2796 629 2889 Ιῃίὲωρεηυίὴιηι.
776 2822 915 2885 concione,
929 2826 1028 2892 quibus
1044 2829 1179 2885 Caesarem
1197 2835 1315 2903 appellu-

235 2896 372 2960 Detumo]
389 2896 482 2951 Verba
493 2902 556 2950 sunt
570 2914 606 2951 ex
623 2898 738 2952 Antonii
771 2906 856 2955 uerat.
891 2901 970 2956 Mis.

519 3079 661 3134 CICERO
680 3080 821 3137 n't'rlco
839 3084 919 3140 SAL.
1019 3136 1023 3141 .
1282 3103 1316 3155 ta

225 3213 260 3269 ‘n
267 3218 361 3281 «patroc
370 3219 447 3282 matr]
464 3213 490 3266 0
505 3213 607 3266 iactum
626 3214 737 3283 praecia·
774 3219 801 3270 in
822 3218 915 3273 tabula
932 3237 991 3276 eanr
1009 3224 1104 3292 legem,
1125 3231 1153 3280 ct
1168 3228 1235 3297 fixit,
1250 3238 1282 3286 ut
1297 3252 1315 3288 a

197 3303 258 3346 mm
270 3292 387 3360 quidem,
399 3293 445 3343 sed
456 3292 651 3360 imperiectnm.
774 3294 914 3365 dictatore,
924 3306 951 3352 et
962 3302 1076 3355 comitiis
1087 3304 1212 3369 lutumid
1224 3316 1315 3377 estut

234 3368 375 3435 Lemnon
395 3369 479 3422 Aliud
501 3372 551 3431 est,
573 3369 670 3423 habere
689 3369 737 3438 jus
769 3370 831 3438 jure
848 3377 941 3444 latam,
959 3388 1017 3432 ctu
1036 3380 1175 3450 dictatore,
1189 3390 1319 3445 comitiis·

200 3447 292 3502 Latii:
310 3446 392 3511 atiud,
414 3447 550 3499 civitatem
575 3448 735 3502 Romanum.
773 3452 860 3507 lours.

199 3527 293 3580 Caesar
300 3526 413 3590 Siculos,
421 3542 477 3579 nou
486 3527 597 3580 civitate
604 3528 736 3591 Romarm
808 3530 867 3585 Per
878 3532 1009 3599 Frdoiam]
1028 3537 1313 3612 Adhocspectavitin

198 3606 247 3659 sed
260 3603 550 3681 Latinitutc,donayit:
564 3607 635 3674 quod
647 3608 736 3674 ipsum
773 3608 809 3661 V.
827 3610 941 3681 Philipp.
963 3598 1024 3667 cum
1044 3618 1127 3672 dixit:
1153 3623 1246 3679 mulier
1263 3627 1313 3681 sibi

198 3685 245 3737 rix
267 3680 406 3735 serendum
430 3681 553 3733 Ciceroni
576 3683 736 3735 videbatnrz
764 3685 881 3756 felicior,
893 3706 969 3759 qrrom
979 3692 1042 3759 uiro,
1057 3698 1196 3756 auctionem
1206 3705 1313 3773 provin.

198 3756 735 3827 Antnninsp‘ostetiarnciritctemdedit:
773 3764 880 3829 danim,
890 3786 1077 3842 regnorumque
1079 3774 1202 3845 furiebat.
1221 3780 1310 3837 lugu,

197 3840 270 3909 quod
293 3838 486 3906 gravissimum,
511 3853 561 3890 nec
583 3839 736 3892 ullomodo
808 3843 889 3910 Illuc]
900 3847 969 3901 Haec
978 3849 1037 3903 idco
1046 3854 1149 3915 dico,ut
1159 3860 1311 3925 ostendam

194 3916 343 3984 ferendum,
354 3916 449 3969 Cicero
458 3915 599 3984 significat.
634 3918 737 3973 Miuu-
774 3939 836 3977 eum
847 3924 905 3977 iraec
915 3927 948 3978 de
957 3928 1054 3993 Siculis
1063 3936 1091 3985 et
1101 3931 1230 4005 Deiotaro
1239 3938 1312 4002 tiout,

196 4008 267 4050 ntus.
774 4019 835 4071 qnae
847 4009 910 4057 sont
919 4006 1098 4076 iniquiorum
1115 4026 1172 4064 rem
1185 4013 1239 4068 iore
1257 4032 1312 4075 uon

231 4074 258 4127 A
281 4074 415 4139 dotum]
450 4072 598 4143 {mpudens
623 4074 736 4130 Antonii
772 4082 952 4147 terendam,si
971 4104 1020 4151 nos
1034 4092 1088 4139 tom
1108 4092 1233 4150 testatam
1246 4112 1313 4161 rem,

196 4152 375 4207 mendacium.
403 4153 476 4206 Nam
487 4153 580 4206 Cacsar
591 4168 645 4206 non
655 4154 735 4207 modo
756 4162 883 4230 'tamque
897 4163 999 4230 justam
1015 4164 1185 4227 Buthrotiam
1202 4188 1257 4229 non
1273 4181 1313 4227 tc.

196 4227 283 4295 iegem
296 4232 735 4287 comitiisnontulemtdecivitate
772 4254 894 4303 neamus.
913 4248 914 4251 ’
930 4242 1063 4306 Quaenum
1077 4250 1168 4311 antem
1186 4259 1313 4308 recesset

197 4306 294 4359 Siculis
313 4309 411 4377 danda,
428 4310 476 4363 sed
495 4326 546 4362 nec
570 4310 734 4366 mentionem
772 4317 924 4384 Buthrotia,
935 4338 1014 4391 srurra
1026 4322 1152 4393 diximus,
1190 4328 1275 4384 lusu.

197 4382 256 4449 ejus
264 4384 303 4435 rei
313 4384 395 4439 uitem
407 4388 514 4441 iecerat.
540 4389 675 4451 Quoniam
687 4406 734 4447 au·
807 4396 956 4470 Philippus]
975 4400 1095 4469 Vitricus
1104 4406 1219 4463 Octavii.
1240 4408 1312 4463 Non:

196 4466 252 4514 tcnr
268 4461 383 4514 Cesaris
400 4470 461 4517 acta
478 4472 586 4519 senatos
603 4471 662 4520 rata
675 4484 734 4520 esso
772 4476 837 4549 quis
854 4476 914 4543 lege
924 4479 1026 4532 curiata
1038 4480 1073 4532 do
1091 4482 1150 4555 ejus
1168 4486 1313 4555 adoptione

195 4540 331 4602 V⁰l¹10¹²13
342 4540 484 4607 Αὓῑῠῦἰῦθ,
496 4550 526 4597 ut
534 4546 687 4600 ostenderet
697 4547 735 4599 ie·
751 4597 754 4604 .
771 4550 892 4607 nondum
913 4554 975 4621 tata,
987 4574 1069 4625 quam
1079 4566 1173 4631 postea
1184 4564 1247 4620 tulit
1258 4564 1314 4617 (lc-
1368 4612 1370 4617 .

194 4631 256 4688 gem
266 4634 325 4673 esse
336 4618 453 4673 &saris
470 4636 525 4673 non
541 4638 627 4688 suurn,
639 4624 735 4708 incidit
770 4631 896 4685 casianus
906 4632 964 4702 ipsc
976 4636 1078 4703 consui,
1090 4654 1240 4709 cognomen
1252 4642 1313 4697 cm.
