3225 5175
303 392 359 457 vsu
605 416 630 429 ·-
675 345 1005 454 remunero.

344 553 391 618 At
412 552 497 615 enim
520 548 640 638 negligi
661 551 769 639 potult
783 556 877 617 vetus
897 550 989 635 ordo,
1010 567 1178 639 novusque
1195 572 1233 616 ae
1246 548 1364 616 melior

303 660 452 728 describi.
497 660 655 744 Primum,
673 662 700 726 si
722 661 768 726 ita
782 669 879 745 esset,
894 668 1001 728 tamen
1016 662 1088 728 lieri
1102 683 1167 729 non
1182 668 1361 752 oporteret.

302 772 478 861 Epistulas,
494 795 567 863 quae
588 783 663 837 sunt
685 772 798 837 eodem
814 780 970 860 tempore,
987 770 1027 838 de
1040 772 1154 839 eodem
1168 773 1298 862 scripta
1311 789 1363 837 ar·

299 892 452 971 gumento
465 906 502 949 ae
516 883 657 971 negotio,
671 904 741 947 esse
755 882 837 948 alias
849 884 892 948 ab
904 883 978 949 aliis
992 882 1171 969 distractas,
1186 884 1363 950 incommo-

300 994 377 1060 dum
402 1002 461 1078 est,
487 1016 635 1082 agnosco.
680 994 741 1059 Est
761 995 795 1059 in
817 993 940 1059 ordinis
963 995 1144 1061 mutatione
1164 979 1364 1062 remedium:

301 1106 407 1171 fateor
415 1132 424 1187 ;
450 1104 506 1173 sed
518 1105 616 1199 quale
629 1106 662 1171 in
678 1106 765 1171 omni
779 1104 970 1188 mutatione,
985 1106 1099 1193 quasi
1114 1104 1256 1172 utilitate
1264 1107 1363 1193 jurat

299 1214 487 1304 aliquande,
509 1238 635 1304 semper
656 1218 800 1282 novitate
815 1216 997 1281 conturbat.
1040 1218 1086 1283 Et
1108 1215 1189 1305 quid
1209 1221 1363 1304 putamus

300 1348 405 1393 oausae
417 1327 509 1393 aliud
524 1327 633 1409 t'uisse,
648 1349 707 1393 our
723 1312 908 1393 Familiares
932 1348 1006 1414 quse
1029 1326 1191 1410 dicuntur,
1209 1322 1284 1391 eum
1303 1323 1363 1390 ali-

298 1438 372 1524 quis
386 1460 404 1505 a
419 1436 597 1505 Germania
611 1436 774 1502 litterator
793 1438 888 1526 *jam
903 1436 981 1502 olim
995 1437 1139 1528 vulgarit
1150 1436 1265 1503 ordine
1275 1438 1364 1503 clero·

298 1551 440 1636 nologico
454 1547 617 1637 digestas:
642 1555 750 1614 tamen
766 1548 913 1613 extiterit
933 1548 1089 1615 haetenus
1109 1569 1216 1633 nemo,
1237 1547 1295 1635 qui
1309 1546 1364 1613 rel

299 1656 510 1723 aemulandam
534 1662 602 1747 ejus
625 1657 838 1749 diligentiam,
861 1658 914 1725 vel
936 1659 1109 1725 editionem
1134 1645 1362 1746 adoptandam,

267 1840 269 1843 ,
298 1768 481 1833 censuerit?
505 1768 709 1835 Testimonia
720 1769 805 1835 enirn
815 1793 858 1835 ex
871 1770 922 1835 his
932 1769 1078 1855 epistolis
1086 1768 1252 1835 adducunt
1263 1769 1365 1854 serip-

298 1887 386 1945 tores
396 1878 569 1963 innumeri,
581 1888 638 1946 aut
649 1880 738 1947 locos
753 1880 908 1965 indicant,
922 1880 1042 1970 quibus
1054 1876 1207 1967 inspeetis
1217 1878 1261 1942 sit
1270 1895 1364 1964 opus.

205 2072 208 2087 Ι
253 2046 258 2051 .
297 1989 464 2055 Parumne
478 1990 579 2076 igitur
594 2014 709 2077 magna
722 1990 891 2079 quarendi
905 1989 1078 2057 difficultas
1091 1988 1197 2053 oritur
1216 2009 1259 2052 ex
1281 1984 1364 2051 ordi·

297 2099 349 2164 nis
363 2098 563 2169 mutatione?
585 2103 707 2190 Atque,
722 2112 759 2168 ut
782 2103 957 2168 hominum·
970 2099 1103 2186 ingenia
1116 2106 1236 2177 sunt,e
1256 2103 1366 2162 ceute-

298 2209 360 2293 nis,
374 2232 456 2299 quos
470 2209 601 2297 legendi
615 2213 756 2280 studium
772 2212 923 2303 delectet,
947 2219 1082 2301 quotum
1104 2228 1272 2297 speramus
1293 2206 1365 2273 fore

297 2329 365 2388 tarn
380 2323 568 2402 animosum,
582 2332 617 2401 et
629 2324 681 2389 cui
696 2332 822 2391 tantum
836 2331 989 2411 suppetat
1001 2307 1071 2401 otii,
1090 2329 1126 2386 ut
1139 2319 1205 2384 loci
1224 2318 1364 2405 alicujus

258 2470 259 2473 =
298 2432 484 2499 inveniendi
497 2430 695 2521 voluptatem
704 2435 788 2501 bene
800 2434 913 2500 credat
925 2433 988 2498 emi
1003 2432 1157 2495 diuturna
1166 2408 1364 2511 inrestigan'·
1417 2441 1423 2456 ¹

299 2544 333 2610 di
348 2544 519 2611 molestia?

342 2653 440 2734 Quod
461 2653 488 2720 si
511 2654 652 2721 nondum
677 2654 754 2720 illos
776 2651 962 2718 mutationis
982 2646 1191 2714 instituenda
1214 2666 1364 2712 suasores

300 2785 455 2832 revocare
479 2764 547 2831 hac
569 2765 653 2832 ratio
675 2766 717 2830 ab
739 2787 780 2830 ea
793 2761 992 2850 cogitatione
1006 2758 1136 2849 potuit3
1158 2756 1269 2836 velim,
1290 2779 1366 2845 per·
1464 2842 1469 2854 .

300 2874 444 2965 pendant
458 2877 519 2964 ipsi
543 2899 662 2960 seeum,
684 2877 760 2943 idue
781 2873 960 2964 postulent,
984 2871 1037 2938 cui
1060 2868 1229 2936 efficiendo
1251 2868 1366 2956 parsit

298 2987 440 3053 humana
454 2988 503 3054 vis
517 2997 575 3055 aut
590 2973 758 3077 sagaeitas.
802 2985 963 3075 Epistolis
980 2985 1014 3050 in
1027 2980 1149 3063 multis,
1165 2977 1260 3046 video
1273 2979 1366 3066 equi·

300 3097 384 3182 dem,
398 3098 554 3185 impressa
566 3107 615 3166 est
634 3109 723 3167 certa
744 3098 901 3186 temporis
916 3095 1063 3162 notatio:
1085 3090 1143 3158 sed
1164 3089 1242 3179 quid
1264 3088 1370 3177 pluri·

301 3207 360 3274 mis
374 3208 452 3275 item
466 3209 540 3276 aliis
554 3211 664 3296 facias,
679 3211 712 3277 in
729 3211 846 3301 quibus
860 3209 916 3274 vix
934 3207 1008 3274 leve
1030 3202 1207 3294 quidpiam,
1223 3191 1366 3288 plerum·

301 3339 367 3406 que
390 3317 471 3386 nihil
495 3323 729 3410 deprehendas,
746 3321 830 3388 unde
852 3320 994 3407 aliquam
1017 3317 1136 3383 ducere
1158 3311 1210 3380 vel
1232 3320 1363 3378 tenuem

332 3515 347 3546 ¹
363 3513 418 3564 Non
429 3517 512 3567 desunt
521 3519 627 3584 equidem
638 3503 747 3586 specidsm
758 3521 864 3576 rationes,
875 3518 959 3583 quibus
974 3517 1082 3566 inductus
1093 3515 1128 3562 vir
1144 3513 1287 3564 clarissimus,
1305 3508 1366 3556 Ado·

302 3606 350 3638 mus
359 3591 480 3644 lleodorus
488 3595 583 3654 Siterua
593 3613 679 3646 novum
689 3599 791 3646 ordinem
803 3597 930 3646 meandum
938 3610 1010 3643 runos
1020 3601 1044 3642 et
1053 3591 1158 3642 consoles
1168 3599 1194 3638 ut
1202 3586 1323 3641 inveniret,
1331 3585 1368 3632 ἰη-

303 3666 389 3716 dnsuis
402 3684 448 3718 uon
465 3676 631 3723 mntemnenda
646 3675 764 3734 laborarit.
796 3673 864 3724 Justo
881 3672 951 3720 modo
966 3671 1052 3719 etenim
1067 3667 1206 3730 temporibus
1221 3660 1368 3726 dispereatis,
1460 3702 1464 3710 .

302 3745 438 3806 quantulus
450 3749 516 3797 rebus
533 3758 557 3798 et
573 3751 670 3800 historiis
687 3752 790 3806 assedet.
807 3764 874 3798 nemo
884 3758 921 3796 est
929 3739 1054 3795 litterarum
1065 3740 1193 3804 disciplinis
1203 3740 1311 3793 imbutus,
1326 3737 1368 3800 qui

302 3817 408 3883 ignoret:
423 3823 441 3870 si
454 3825 522 3874 modo
532 3826 658 3891 dispensari
673 3827 740 3876 series
758 3841 799 3891 per
816 3841 887 3873 annos
897 3832 921 3873 et
930 3828 1079 3886 tempestates
1093 3817 1180 3881 ubique
1190 3816 1269 3880 ponit
1301 3813 1383 3871 Quot,

302 3911 356 3944 rero
366 3897 390 3944 in
400 3899 502 3963 epistolis
513 3902 629 3953 Ciceronis
640 3913 699 3962 snut,
710 3905 740 3953 de
751 3904 835 3968 quibus
845 3901 951 3950 dubitant
960 3898 1051 3952 eruditi,
1061 3904 1138 3944 utrum
1148 3892 1217 3942 civile
1226 3891 1311 3941 &dum
1327 3906 1368 3938 en·

302 3979 442 4034 ml.
452 3983 587 4032 mordente
598 3983 645 4040 illo,
656 3992 695 4032 aut
705 3999 776 4046 prope
792 3981 864 4035 finito,
879 3979 924 4026 sint
940 3971 1088 4041 eommiptse?
1105 3978 1129 4019 et
1139 3969 1229 4035 quoties
1240 3985 1254 4017 a
1264 3968 1368 4016 doetissi-

303 4055 344 4103 mis
353 4057 408 4105 ritis
418 4067 557 4123 agumento,
574 4063 636 4125 quod
648 4067 808 4126 praenotarunt,
824 4057 940 4121 adjectum
950 4060 993 4107 est,
1011 4049 1098 4099 ineerta
1112 4047 1190 4095 eaesi
1209 4055 1243 4104 et,
1260 4045 1280 4094 si
1296 4044 1366 4092 edens
1406 4081 1411 4088 .

302 4139 392 4198 ternpus
399 4135 488 4186 videtur
497 4138 664 4202 deprehensum
675 4153 732 4192 esse,
739 4137 837 4184 lortssoe
845 4142 921 4182 temen
931 4145 978 4177 non
988 4127 1096 4176 dutinrte
1105 4124 1235 4179 innotescit,
1246 4131 1273 4171 ut
1281 4137 1366 4171 aunum

301 4209 403 4268 definire.
413 4222 437 4261 et
446 4213 551 4263 eonsules
561 4215 683 4270 nominare,
693 4221 733 4262 eut
742 4219 831 4275 partem
841 4207 904 4264 anni,
916 4205 952 4254 vel
961 4219 1061 4253 mensem
1072 4201 1145 4265 possis
1155 4201 1288 4264 exprimere.
1315 4198 1367 4248 lloc

302 4285 362 4334 euim
373 4301 464 4354 oportet
473 4293 558 4349 derisi
569 4293 599 4340 sd
611 4301 700 4354 tempus
711 4289 822 4354 epistole,
836 4301 882 4351 quo
898 4284 983 4348 scripte
993 4295 1137 4345 unaquaque
1151 4279 1203 4336 tuit,
1213 4293 1264 4326 eum
1279 4292 1334 4326 eure
1343 4285 1368 4324 et

302 4360 414 4415 industris
424 4377 478 4418 suut
488 4369 628 4418 ordinanda.
661 4367 695 4416 Er
712 4382 758 4431 quo
768 4363 922 4428 consequitur,
933 4358 1077 4410 Siberienum
1092 4356 1194 4405 ordinem
1206 4370 1247 4420 pro
1256 4360 1317 4404 oerto
1327 4353 1367 4418 qui

301 4439 394 4490 uadunt
404 4445 463 4502 eliis.
474 4447 509 4494 rel
520 4448 588 4495 etiem
599 4445 729 4510 acciplunt;
745 4451 853 4506 utrosque
862 4441 892 4489 sb
903 4454 940 4495 eo,
951 4437 1013 4504 quod
1024 4445 1109 4498 eertum
1119 4435 1285 4500 probatamque
1296 4435 1333 4489 sit,
1341 4432 1366 4480 in

262 4549 265 4554 .
303 4514 378 4564 multis
388 4517 476 4583 longius
492 4521 605 4570 aberrare.
634 4521 791 4576 Causinius,
803 4516 893 4583 prefer.
906 4517 931 4564 is
949 4515 1018 4578 spis.
1035 4513 1097 4562 Fam.
1108 4513 1159 4570 sire,
1171 4521 1198 4560 et
1208 4512 1325 4574 isseripsit,
1336 4509 1366 4557 ed

191 4619 204 4636 ⁴
303 4603 420 4655 Diversus.
