3225 5175
278 298 352 369 298
657 290 1021 351 nassamones.

279 432 468 497 minoslaeio:
481 432 599 489 cumnis
610 432 823 503 mihluegotinm
859 436 943 505 possit
962 433 1060 501 mains,
1077 434 1212 505 sireqnn
1233 448 1309 507 pm,
1329 445 1416 511 Q.

282 527 332 584 est,
344 518 391 589 qui
402 516 518 585 peccaut
528 511 622 566 dedita
632 527 722 581 opera,
734 517 762 565 et
772 512 824 565 lor·
860 515 1021 585 copioseque
1030 512 1128 577 dicere,
1136 516 1192 569 sire
1201 516 1348 584 prudenter
1356 534 1406 573 re··

281 602 354 651 tasse
362 594 444 647 etism
454 590 610 645 deliciarum
620 592 824 661 eausa:quibus
860 594 912 646 litt
940 594 1013 646 Nam
1031 608 1094 645 mea
1113 593 1159 645 illa
1181 610 1287 663 semper
1308 598 1400 666 opinio

280 680 373 729 tamen
384 671 544 739 respondere
557 669 774 741 supersedissem,
783 685 826 721 ra·
861 671 929 724 luit:
948 688 1011 725 cum
1023 670 1130 725 dicendi
1141 673 1219 737 ratio,
1235 678 1294 727 tum
1308 676 1415 738 verbis,-

262 750 432 817 .tns‚doetis
444 756 472 801 et
483 747 588 814 judicio
604 748 724 815 praeditis
741 747 826 800 homi-
861 748 957 819 hisque
979 750 1022 802 rel
1044 750 1156 817 singulis
1177 751 1220 802 vel
1243 752 1403 819 conjunctis,

283 832 372 897 nibus,
380 829 446 883 satia
454 828 513 894 jam
523 826 705 881 lacmmesse:
718 826 827 881 nisiae·
862 832 921 881 tum
936 828 1016 883 rebus
1032 828 1097 897 ipsis
1114 830 1238 883 constetz'
1254 846 1342 899 neque
1360 848 1404 885 res

283 926 363 974 rerer,
375 908 453 974 ue,si
473 906 517 958 isli
533 907 646 959 tacitum
658 904 753 971 ferant,
770 921 826 957 uon
862 906 907 959 laic
922 907 1025 972 deesse,
1042 922 1106 959 cum
1125 908 1254 960 memoria
1272 923 1405 963 annorum

187 996 192 1005 ’
282 988 628 1054 tcmuoluisseuos,quam
639 987 826 1053 nonpotuissc
863 982 1268 1053 circitertrigiuta(utomittam
1277 987 1413 1041 alluenti·-

283 1066 455 1135 respoudere,
466 1062 622 1131 praedicent.
653 1060 692 1114 Et
700 1061 780 1117 simul
793 1063 827 1115 iis
864 1063 1012 1129 litates)his
1022 1064 1150 1131 colligata
1160 1064 1233 1115 libris
1242 1065 1292 1118 sit:
1310 1071 1339 1119 et
1347 1083 1405 1120 ver-

283 1140 827 1209 consultumessevoluimus,quilougius
864 1142 960 1195 borum
970 1141 1000 1193 iu
1017 1141 1092 1195 onsni
1109 1157 1207 1208 genere
1225 1142 1343 1209 dicendi,
1357 1145 1405 1197 sed

284 1222 440 1274 viderencn
457 1224 569 1287 queunt.
606 1218 689 1287 Ergo,
707 1219 771 1286 quid
787 1219 827 1271 illi
863 1221 892 1273 in
912 1221 1020 1273 fortuito
1037 1237 1071 1273 ac
1089 1219 1212 1274 familiari
1223 1222 1406 1287 sermoncin-

284 1298 475 1353 eliminantur?
484 1296 668 1350 Contaminari
676 1296 828 1361 libros,ncu
864 1316 932 1367 geos
945 1298 1008 1351 hinc
1018 1298 1058 1351 vis
1069 1304 1098 1351 et
1108 1299 1187 1371 copis
1196 1305 1332 1369 suppetat.
1367 1301 1407 1355 At

283 1378 401 1446 purgari.
425 1377 460 1429 In
472 1392 526 1445 quc
538 1390 584 1427 eos
592 1374 769 1441 justissimam
782 1374 829 1428 ha·
865 1378 950 1447 pessis
962 1378 1058 1431 eadem
1073 1394 1108 1430 ex
1120 1377 1179 1429 aliis
1190 1377 1312 1445 ejusdem
1322 1379 1406 1443 libris,

284 1456 348 1509 bere
360 1472 471 1509 causam
489 1453 644 1515 fateremur,
660 1456 682 1505 si
699 1452 829 1522 quemad·
866 1471 900 1508 ne
912 1452 1062 1509 sitta'otum
1080 1456 1145 1508 boni
1163 1457 1292 1524 temporis
1309 1473 1406 1512 consu·

284 1532 396 1587 modum
414 1533 464 1585 sibi
484 1548 535 1585 suo
554 1532 755 1599 quodammodo
767 1531 828 1598 jure
865 1534 1002 1587 mendum.
1021 1534 1128 1597 Quidsi
1139 1535 1177 1587 illi
1186 1535 1280 1587 itidem
1289 1536 1406 1605 corrupti

269 1613 337 1681 ‚ipsi
348 1617 467 1675 sumunt,
484 1610 523 1662 ita
542 1614 621 1663 esset.
659 1610 750 1673 Nunc,
767 1612 829 1678 quis
866 1612 938 1665 sint!
960 1612 1034 1675 Quid
1046 1613 1067 1664 si
1079 1612 1107 1665 in
1119 1612 1160 1665 lais
1175 1613 1407 1683 singulariaque·

286 1693 329 1745 est
346 1690 414 1742 adeo
435 1703 523 1741 rerum
547 1686 693 1755 imperitus,
712 1687 830 1756 quisita
866 1689 929 1742 dam
949 1691 1011 1753 sint,
1029 1706 1090 1757 quae
1113 1691 1176 1744 alibi
1196 1707 1251 1744 non
1273 1691 1405 1759 repertast

287 1768 472 1838 peregrinatur
494 1782 511 1817 a
534 1765 638 1829 litteris,
664 1767 729 1834 quin
751 1767 829 1833 sciat,
865 1768 1002 1821 Nimirum
1020 1769 1115 1836 putida
1133 1775 1175 1821 est
1190 1769 1249 1821 laaee
1266 1773 1295 1822 et
1312 1770 1407 1823 odiosa

286 1847 349 1900 iaaac
361 1844 499 1898 Ciceronis
511 1844 546 1896 ad
565 1843 688 1897 Atticum
705 1846 831 1913 epistola·
866 1846 1002 1899 sedulitas
1034 1846 1409 1916 lllapropcnsodumuouiu-

286 1942 347 1979 rum
359 1924 503 1985 volumina,
520 1922 594 1989 (uam
608 1922 641 1975 de
654 1926 759 1977 cacteris
770 1924 830 1991 ejus
862 1925 946 1992 justa,
957 1941 1019 1993 quae
1032 1925 1188 1978 modum-in
1205 1925 1245 1978 his
1256 1927 1363 1996 quaerit,
1379 1931 1409 1980 et

288 2004 394 2072 scriptis
410 2006 491 2070 atquc
510 2000 591 2053 etiam
607 2001 720 2055 aliorum
733 2003 831 2071 silebo)
866 2004 1002 2057 licentiam
1020 2004 1137 2069 coln'tset,
1155 2020 1339 2076 novarumque
1353 2007 1408 2059 lec-

207 2084 210 2091 '
287 2082 347 2135 liaeo
364 2097 427 2134 sero
450 2079 511 2147 quis
534 2080 639 2145 ignorat
660 2084 722 2131 ante
746 2096 832 2133 annos
867 2082 1174 2150 tiouumcupiditatem;
1190 2083 1408 2151 qualaelumsit,

288 2159 475 2231 quadraginta,
485 2172 679 2227 perpaucomm
691 2157 830 2217 hominum
867 2164 899 2211 ut
907 2161 1055 2227 legentium
1064 2163 1409 2237 saepeaententiatluetuet,

289 2240 319 2292 iu
329 2237 456 2293 manibus
467 2235 567 2289 luisse?
585 2234 658 2297 Quid
670 2234 726 2287 ital
744 2238 832 2290 Aiunt
868 2238 989 2306 certique
1001 2238 1066 2291 nihil
1078 2238 1185 2291 habeat

288 2315 419 2381 nonnulli,
432 2314 505 2383 quod
517 2313 669 2383 aenigmatis
687 2313 721 2365 de
740 2315 832 2367 indus·
902 2315 961 2367 Nos
969 2322 1059 2376 manen
1069 2310 1108 2368 sic
1115 2316 1267 2381 statuimus,
1278 2333 1340 2371 cum
1348 2320 1409 2373 duas

289 2396 340 2449 tria
348 2396 498 2460 obscurata,
506 2391 723 2459 nullaviiugeuii
731 2394 834 2461 possint
868 2395 922 2446 siut
931 2394 1093 2447 emendandi
1105 2395 1230 2459 rationes,
1239 2411 1296 2449 una
1307 2414 1367 2466 qum
1380 2399 1408 2453 iu

289 2474 412 2541 intelligi.
448 2473 513 2525 Nou
530 2486 664 2539 negamus
679 2486 834 2543 essetquae-
870 2477 990 2526 veterum
1007 2474 1135 2525 librorum
1152 2473 1257 2540 integra
1269 2476 1410 2543 scripture,
1468 2493 1474 2505 ¹

291 2553 354 2608 dam
362 2550 522 2614 illiusmodi;
540 2549 588 2602 sed
598 2552 695 2604 eatam
707 2566 833 2604 raraesse
868 2553 952 2606 altera
963 2569 1025 2622 quae
1037 2553 1066 2607 iu
1076 2552 1233 2620 conjectura
1246 2554 1411 2624 suspicione·

291 2632 414 2695 dicimus,
424 2629 656 2698 utareliquorum
668 2629 783 2681 lectione
793 2647 833 2682 ar·
868 2648 922 2701 qne
941 2638 1082 2694 cernatur;
1100 2631 1175 2685 illam
1193 2632 1303 2699 quidem
1322 2639 1409 2691 lotum

289 2706 709 2766 oerehomiuesuondebueriut
729 2699 833 2762 Vuln'e·
868 2727 935 2776 esse,
957 2710 1005 2763 sed
1028 2709 1114 2780 quaeri
1136 2711 1276 2779 aptarique
1301 2715 1409 2782 saepius,

288 2805 351 2843 rum
362 2788 460 2856 quibua
471 2785 577 2836 confixa
595 2787 670 2836 eraut
684 2786 831 2852 calamitas,
868 2805 950 2858 qnam
962 2788 1068 2856 optanti
1086 2789 1270 2857 quaerentique
1286 2806 1409 2845 occurre-

290 2865 361 2920 hauc
371 2865 477 2931 cuipam
487 2861 574 2913 verius
586 2863 749 2915 sustinebat:
768 2880 831 2934 quae
867 2866 1138 2930 re,aeseostendere
1153 2867 1281 2930 Quodita
1288 2884 1411 2928 esse.eos

291 2940 832 3004 cumesscnlinnumerabiliaremineam
867 2947 1017 3013 inlelligere
1027 2945 1172 3008 certoscio,
1181 2946 1278 3014 quibus
1288 2949 1410 3002 studium

208 3023 217 3045 ⁹
291 3021 445 3090 opinionem
460 3017 640 3082 adduxerunt,
655 3023 686 3072 ut
701 3020 832 3090 quidquid
868 3025 927 3090 luit,
937 3025 1054 3085 haecvel
1064 3018 1224 3091 primoribus
1232 3024 1421 3092 digitisaltim

291 3099 382 3154 minus
392 3097 579 3167 perciperetur,
588 3096 615 3148 id
628 3096 744 3164 enigma
755 3102 832 3166 pula2
869 3119 941 3170 gere.
977 3102 1048 3154 Haec
1060 3117 1123 3169 ergo
1135 3101 1258 3166 felicitas,
1269 3119 1333 3155 cnm
1350 3121 1410 3173 per-

293 3183 380 3232 retur:
399 3192 461 3230 cum
481 3175 639 3244 plerumque
659 3181 772 3244 peccata
791 3194 833 3231 es·
867 3197 927 3235 raro
945 3181 1120 3246 contingeret,
1140 3180 1210 3234 lianc
1230 3182 1281 3235 sibi
1300 3184 1409 3238 acuum

293 3259 362 3322 seut,
382 3259 440 3309 tum
461 3253 635 3319 librariorum,
655 3255 721 3308 dum
744 3257 841 3310 miuus'
869 3259 942 3312 docti
959 3256 1170 3326 postulaverunt,
1181 3264 1213 3311 ut
1223 3261 1306 3313 altera
1316 3261 1411 3317 liceret

294 3351 376 3406 quam
387 3337 501 3405 oportet,
512 3333 598 3386 officio
617 3349 665 3388 suo
683 3334 780 3389 intenti
791 3353 833 3390 es·
869 3337 919 3404 uti,
925 3354 987 3406 quae
996 3337 1023 3388 in
1032 3335 1189 3403 conjectura
1197 3338 1313 3393 sitsesl:
1327 3357 1410 3409 quam

294 3418 432 3478 seutlum
444 3413 556 3466 fortunae
576 3413 726 3482 cujuspiam
744 3416 833 3484 culpa,
854 3417 915 3483 .qui
938 3431 1046 3468 omnem
1072 3431 1178 3484 prorsus
1201 3418 1354 3484 exsibilant,
1383 3426 1411 3474 et

291 3485 444 3546 eontracta:
463 3506 518 3560 qna
529 3489 599 3556 haec,
618 3497 716 3560 praeter
732 3499 834 3547 eaetera
870 3493 946 3563 quasi
957 3493 1105 3560 majestltis
1117 3494 1282 3562 damnatum,
1292 3498 1412 3568 aquaig-

294 3569 395 3638 scripta
404 3568 548 3634 Ciceronis,
560 3569 655 3622 misera
667 3570 833 3640 adversaque
869 3572 950 3641 nique
963 3571 1137 3638 interdicunt,
1148 3574 1167 3626 ii
1183 3574 1248 3626 nubi
1259 3577 1331 3628 mala
1347 3577 1413 3628 rati-

293 3666 344 3704 usa
355 3651 426 3700 mut.
463 3647 553 3710 Quare
564 3647 629 3717 quid
648 3649 697 3702 sibi
709 3651 792 3704 velint
803 3653 833 3715 ii,
869 3664 921 3701 one
939 3648 1026 3702 lacere
1037 3648 1177 3714 ridentum
1195 3667 1246 3703 uec
1262 3653 1327 3704 satis
1344 3654 1411 3720 quid

294 3728 342 3798 qui
361 3725 473 3790 mendis,
493 3731 584 3780 nostra
599 3743 680 3796 opera
699 3729 833 3805 inquinari
869 3727 897 3780 in
904 3728 1099 3796 quoqueresit,
1108 3744 1186 3796 posse
1196 3728 1333 3798 dispicere.
1349 3730 1410 3800 Ego

293 3807 376 3860 libros
386 3807 542 3874 queruntur,
553 3819 607 3858 uon
618 3807 683 3858 salis
698 3809 832 3875 percipio:
870 3810 964 3858 eontra
974 3807 1076 3876 nulum
1084 3806 1191 3874 rejicio:
1210 3823 1282 3875 saepe
1294 3807 1365 3860 enini
1374 3811 1411 3862 ad

293 3884 361 3938 illud
384 3883 502 3952 quidem'
515 3882 644 3952 intelligo,
667 3885 834 3940 doctissimo-
869 3885 1010 3938 veritatem
1032 3884 1125 3937 ducit:
1143 3884 1191 3937 sed
1211 3901 1265 3937 uon
1284 3887 1412 3940 omnibus

293 3980 354 4019 rum
366 3961 504 4016 hominurn
515 3978 580 4014 cura
590 3979 621 4014 ac
632 3963 771 4034 diligentia
780 3966 834 4019 lac-
869 3963 960 4015 locum
972 3964 1015 4015 do.
1033 3965 1104 4016 Cum
1114 3963 1185 4015 enim
1196 3962 1358 4028 conjecturae
1370 3983 1411 4018 ra·

292 4047 352 4098 nrm
364 4057 430 4104 esse,
446 4044 478 4092 ut
494 4057 555 4109 quae
568 4045 649 4094 antea
665 4043 709 4112 vix
727 4041 760 4094 ab
777 4044 833 4098 ullo
870 4043 908 4093 tio
918 4041 1062 4108 multiplex
1076 4041 1119 4105 sit,
1137 4056 1172 4092 ex
1189 4043 1346 4105 mutatione,
1358 4049 1411 4098 tra-

294 4119 495 4188 attingereutur,
516 4135 589 4172 nuuc
607 4119 728 4170 omnium
749 4123 834 4174 mani-
865 4117 993 4185 jectioue,
1006 4118 1152 4181 additione,
1170 4120 1318 4174 mutatione
1340 4122 1412 4176 litte-

293 4199 345 4254 bus
364 4199 519 4262 tractentur,
538 4197 685 4263 volvantur,
702 4202 833 4254 terantur.
868 4212 972 4250 rarum:
992 4213 1027 4250 ex
1042 4199 1176 4251 sententia
1193 4203 1274 4268 alque
1292 4199 1410 4266 historia,

294 4277 340 4330 Au
351 4291 413 4330 vero
429 4275 447 4326 ii
457 4275 506 4328 risi
521 4279 593 4340 sunt,
611 4289 675 4328 cum
695 4273 746 4327 hoc
763 4275 834 4330 lece-
869 4269 977 4344 penitus
988 4275 1116 4329 damnata
1131 4293 1164 4331 ac
1177 4278 1318 4346 repudiata
1329 4282 1410 4350 scrip-

295 4357 367 4418 ruut,
377 4351 475 4418 oleum,
484 4357 513 4406 el
521 4367 629 4421 operam
641 4351 759 4420 perdere,
770 4371 831 4410 cum
868 4358 944 4426 tura:
962 4355 1326 4424 quaecprcpositodeclinet,
1335 4375 1411 4428 quae·

294 4429 501 4488 instrumentum
524 4431 600 4485 uobis
620 4429 688 4484 illud
709 4433 833 4486 restitue·
869 4447 903 4486 ve
921 4432 1047 4497 collimet,
1065 4435 1108 4488 ael
1125 4437 1297 4490 mediocriter
1312 4438 1409 4492 emditi

296 4509 366 4574 runt,
375 4521 428 4573 quo
437 4507 509 4560 haud
520 4509 576 4563 scio
588 4525 623 4564 au
635 4508 709 4565 uliud
720 4508 833 4570 inveniri
868 4510 947 4566 facile
956 4511 1084 4568 mutiunt.
1103 4514 1229 4570 Pretium
1238 4514 1318 4588 enim,
1329 4515 1352 4568 si
1363 4515 1411 4570 bo-
