3225 5175
508 366 570 428 nu
595 366 817 424 eumcum
841 370 933 441 nin.
958 374 997 427 11.
1239 374 1310 441 345

233 516 434 582 ἋΜισμΔτιι]
453 510 634 582 Appendices.
774 514 835 585 gius
846 516 881 569 ab
892 518 980 571 Romu
990 517 1071 570 trium
1082 516 1207 572 boramm
1217 520 1312 574 itinere
1369 526 1373 536 '

234 596 312 661 ripa]
329 594 442 663 Corpus.
775 592 888 647 abesset.
924 595 995 649 Item
1014 598 1171 649 antenoctu
1181 597 1312 663 inruisse,

236 671 294 725 Aut
310 690 342 725 se
357 670 524 743 ρφοεοίεκε]
549 672 579 724 Si
598 673 737 738 orationes,
774 672 880 726 scilicet
905 674 1016 727 domum
1039 674 1155 727 Caesaris
1173 675 1313 743 pontificis,

203 763 270 817 quas
287 752 373 817 mitto,
390 766 445 804 non
465 749 667 819 visperlegere,
684 766 738 802 non
773 749 822 802 nbi
843 753 968 805 mulieres
988 751 1074 804 Bonae
1093 751 1162 805 Dece
1184 753 1330 805 munifica--

204 831 280 880 erent
298 828 347 881 tibi
366 829 525 897 posceudae3
551 842 605 879 non
624 831 688 893 erat,
707 831 740 880 ut
774 827 849 881 baut.
877 829 920 882 Ne
931 834 990 882 tum
1002 830 1109 897 quidem
1120 830 1161 882 illi
1176 830 1313 883 esseitum
1349 886 1352 892 ,

201 910 314 975 peteres.
350 908 470 962 (ἱιυιιν.Ι
576 950 580 959 ,
739 936 742 945 2
775 905 882 958 obviam
892 922 955 959 cnm
964 907 997 959 iri
1005 908 1124 959 maxirne
1142 906 1244 970 debuit,
1260 907 1312 958 boc

234 981 269 1036 Si
274 984 352 1053 paulo
358 981 430 1056 plne]
448 986 548 1038 Sensus
560 986 603 1037 est
612 983 692 1050 hujus
701 985 740 1039 lo·
775 987 825 1047 cst,
837 999 900 1035 cum
912 984 1006 1036 debuit
1015 984 1110 1049 resisti,
1123 990 1162 1037 'ne
1179 1001 1239 1037 rens
1255 985 1314 1053 pol·

201 1060 228 1112 ei
238 1062 463 1130 simplicissimus:
482 1062 510 1115 Si
521 1061 633 1114 Clodius
644 1078 688 1113 mc
700 1062 740 1115 in·
774 1059 890 1112 luterum
902 1063 1111 1115 ceremoniarum
1123 1060 1310 1115 absolveretur.

201 1134 306 1205 lecture,
326 1154 475 1208 uexareque
495 1142 586 1207 posset
598 1138 741 1191 veliemen-
774 1136 861 1191 Joeua
871 1139 899 1191 in
911 1139 1038 1207 ambigua
1054 1140 1163 1192 nob'one
1178 1140 1253 1192 verbi
1266 1140 1312 1192 Ire

132 1218 137 1237 '
182 1216 422 1297 1tius,¹utvult‚te
438 1232 558 1285 rogarem
575 1220 607 1269 ut
620 1216 740 1270 celeriter
774 1213 879 1281 obuiam
899 1218 972 1287 quod
992 1222 1020 1270 et
1038 1217 1145 1289 prodire
1163 1216 1267 1284 mium,
1285 1223 1314 1270 et

203 1292 448 1349 leucteconierres.
482 1294 568 1348 lunen
740 1326 743 1333 ι
773 1296 895 1348 maiatere
906 1296 1046 1364 signifieat.
1082 1298 1192 1349 Porus.

238 1371 483 1444 Metellnsimpedr't]
512 1372 619 1442 Quippe
631 1384 693 1427 cnm
710 1376 739 1428 in
809 1372 989 1438 Ouidium]
1007 1374 1173 1427 Candidatus
1188 1372 1223 1425 ad
1240 1388 1313 1426 com-

204 1454 300 1502 senatu
320 1450 465 1505 dixeritne
487 1450 611 1504 Clodium
632 1451 739 1505 nauem
773 1451 973 1504 mendatiorum
990 1452 1053 1505 clari
1070 1453 1118 1504 riri
1133 1451 1313 1504 Martiumin

203 1529 351 1594 patruelem
362 1529 535 1599 incipientem
552 1530 739 1599 tenerentque
774 1544 899 1597 campum
918 1530 1095 1583 deducebant
1114 1530 1149 1594 Q.
1163 1530 1267 1596 Cicero,
1278 1529 1313 1581 de

140 1612 142 1619 ’
203 1610 353 1673 conantem,
370 1622 419 1660 sua
435 1622 519 1660 mann
529 1606 738 1662 interfecturum.
773 1607 850 1675 petit.
862 1608 1025 1661 consulatus.
1060 1606 1142 1660 Mun.

204 1682 279 1738 Orat.
298 1700 346 1753 pru
367 1684 409 1738 M.
426 1686 524 1752 Coelio,
539 1688 568 1738 et
585 1684 666 1740 Dion.
690 1686 737 1740 lib.
807 1683 903 1739 Sicelis
915 1682 1008 1757 berea]
1030 1685 1137 1750 Siculis,
1153 1685 1314 1739 meisclien-

204 1762 366 1819 xxxvii.
403 1765 494 1819 Cone.
574 1782 575 1787 ¹
774 1764 856 1830 tibus,
872 1763 962 1817 locum
979 1766 1051 1828 dare,
1069 1764 1115 1817 ubi
1135 1764 1333 1832 gladiatomns.

235 1849 373 1915 celum]
391 1844 533 1897 studiosus
548 1844 651 1913 patriae.
774 1843 920 1896 certamina
930 1849 1051 1911 spectare
1061 1847 1178 1912 possent.
1209 1842 1314 1896 Amicis

237 1922 407 1986 AEdiiitstem]
426 1920 480 1985 Qui
493 1922 565 1973 enim
583 1921 739 1973 aedilitatem
774 1922 855 1988 eninr,
871 1926 900 1973 et
910 1922 1051 1975 tribulibus
1063 1922 1098 1973 ad
1109 1921 1265 1989 spectacula
1275 1922 1313 1973 lo·

202 2002 340 2069 petebant,
351 2016 399 2070 per
410 2013 518 2050 canum
531 1997 579 2049 lori
589 1996 701 2050 ornandi
712 2002 740 2049 et
775 2016 823 2053 cua
834 2000 964 2053 dabatur:
982 2001 1052 2053 utin
1064 2000 1140 2052 Orat.
1157 2014 1207 2068 pro
1218 1999 1312 2052 Mure-

201 2079 333 2143 lndorum,
344 2077 430 2130 socios
442 2075 593 2143 spoliabant
609 2075 700 2143 signis,
712 2079 740 2127 ct
774 2092 820 2130 na.
841 2075 942 2139 ‚luem

202 2155 283 2209 rebus
292 2153 498 2225 pretiosioribus,
511 2168 575 2205 curn
586 2152 621 2204 ad
636 2168 698 2206 eum
708 2169 740 2206 u·
810 2154 958 2209 counierit
976 2151 1035 2226 loe]
1070 2154 1190 2208 Munera
1211 2154 1313 2221 gladia-

204 2248 268 2301 aumx
279 2235 423 2299 rogassent,
441 2246 493 2283 nec
511 2244 631 2298 uuquam
647 2235 740 2299 postea
775 2238 865 2287 torum
888 2234 916 2285 in
938 2232 994 2285 loro
1012 2231 1163 2286 dabantur:
1191 2231 1314 2283 consules

202 2310 354 2363 redderent.
390 2308 480 2361 Causa
496 2312 594 2359 autem
604 2308 699 2361 Clodio
712 2309 740 2361 iu
776 2314 875 2375 entem,
890 2314 918 2363 et
934 2310 979 2362 alii
995 2311 1167 2376 magistratus
1182 2314 1313 2376 gerentes,

204 2388 323 2441 Siciliam
334 2386 417 2439 eundi
431 2386 491 2448 luit,
509 2384 581 2453 quod
599 2384 746 2453 adoptatus·
762 2399 824 2457 ·pro
842 2388 1011 2455 magistratus
1037 2386 1168 2455 dignitate
1195 2387 1313 2453 spatium

203 2466 293 2521 fueret
312 2483 330 2519 a
348 2464 470 2537 Fonteio,
491 2464 537 2537 qni
558 2463 662 2517 Siculus
683 2464 748 2533 ipse
775 2465 973 2531 habebant‚nbi
985 2468 1104 2534 spectare
1121 2468 1238 2533 possent,
1256 2465 1312 2518 sive

204 2554 279 2601 erat.⁴
291 2545 381 2610 Quare
391 2543 449 2612 ejus
460 2543 530 2597 suria
541 2558 613 2596 nune
624 2540 747 2596 cavillari·
776 2547 868 2600 amicis
890 2544 1114 2613 familiaribusque
1133 2544 1168 2597 ad
1188 2547 1312 2613 spectan-

205 2627 270 2680 mibi
281 2625 376 2680 Cicero
387 2623 511 2676 ridetur.»
527 2621 676 2676 Muretus.
695 2621 741 2676 Ex
776 2625 843 2678 dum
865 2625 936 2678 dare.
948 2650 951 2654 ·
967 2623 1092 2691 Virgines
1111 2624 1177 2676 item
1188 2623 1313 2677 Vestales

204 2703 356 2774 depravatis
376 2701 518 2756 codicibus
537 2699 580 2753 bie
601 2701 645 2753 alii
666 2701 742 2753 aliter
776 2704 955 2756 suumlocum
967 2702 1155 2770 gladiatorium
1169 2701 1313 2768 habebant,

204 2783 306 2851 legunt.
341 2781 394 2834 Sed
405 2777 590 2832 hariolatiunea
602 2792 683 2830 meree
696 2779 740 2831 cul
778 2782 957 2834 etconsulum
966 2796 1073 2834 uxores.
1107 2781 1315 2848 Quimagistra-

205 2861 293 2916 bonci
311 2859 358 2912 nbi
368 2857 503 2913 Victorius
514 2856 741 2926 Muretusqueol·
777 2863 822 2912 tus
838 2858 973 2927 petebant,
992 2859 1062 2912 soliti
1080 2863 1187 2913 eranta
1207 2860 1323 2927 propin-¹

169 2971 171 2976 ·
204 2941 293 2994 terunt
308 2937 381 3009 quod
400 2935 548 3001 conveniat,
565 2940 595 2987 et
613 2935 649 2987 sit
667 2936 740 2989 satis.
777 2939 837 3007 quis
855 2941 884 2990 et
903 2937 1059 2990 necessariis
1077 2939 1120 2990 vel
1137 2938 1258 3008 precario
1271 2939 1315 2990 uel

206 3017 326 3072 Otrvnr.
546 3033 547 3038 ¹
776 3014 900 3068 mercede
915 3029 1040 3084 maguam
1058 3015 1225 3068 nimborum
1243 3015 1315 3067 loco·

240 3096 331 3167 Freto]
356 3094 455 3159 Siculo,
473 3095 550 3164 quasi
569 3094 675 3164 proprie
692 3091 742 3146 ire-
776 3107 835 3146 rum
856 3093 1006 3161 impetrare,
1028 3094 1057 3146 et
1078 3093 1129 3146 bac
1155 3091 1313 3146 liberalitate

203 3177 264 3228 tum
275 3161 423 3242 appelletur
438 3173 513 3240 illud,
524 3172 597 3242 quod
613 3176 655 3224 est
672 3172 742 3224 inter
777 3171 912 3224 candidati
923 3172 1068 3225 multorum
1079 3171 1182 3224 animos
1192 3170 1242 3222 sibi
1251 3185 1321 3246 con·—

207 3252 334 3318 Siciliam,
345 3255 374 3304 et
383 3250 499 3304 Italiam.
535 3251 623 3305 Coun.
709 3287 711 3292 ·
777 3249 922 3304 oiliubant:
940 3265 1003 3302 cum
1021 3250 1143 3303 nonnulli
1165 3251 1246 3301 etiam
1266 3263 1315 3302 no-

241 3327 337 3383 fidu
347 3323 427 3396 bord]
443 3328 534 3381 Vetus
550 3327 631 3381 liber:
649 3339 677 3380 at
694 3329 742 3381 tri·
777 3329 844 3381 biles
854 3327 1015 3381 uiriincirco
1025 3326 1315 3380 totastabernaatribu-

208 3407 255 3462 due
271 3405 348 3462 beria
365 3403 479 3459 Bouron.
498 3403 668 3460 Mucianae.
691 3408 742 3460 Ge·
778 3407 844 3460 llum
866 3421 947 3459 causa
969 3412 1159 3474 compararent.
1195 3404 1314 3457 Decreto

209 3484 308 3539 villatio
328 3483 408 3536 dicax
426 3487 454 3536 et
472 3498 584 3536 morosa.
615 3483 743 3538 lactabat
779 3490 871 3536 eutem
893 3484 935 3537 Μ.
953 3483 1045 3548 'lullii
1068 3482 1313 3552 liberiposterlque

208 3562 319 3619 Clodius
330 3577 358 3614 se
370 3560 483 3629 septimo
495 3562 539 3614 die
550 3561 645 3614 alretc
657 3562 743 3615 Sicili·
778 3562 863 3616 Seruii
873 3561 979 3631 Sulpitii
990 3561 1092 3614 circum
1107 3560 1169 3614 eam
1187 3564 1311 3627 statuam,

207 3643 272 3707 enai,
284 3641 356 3711 quod
374 3638 478 3692 ltaliam
498 3655 515 3691 a
532 3639 622 3692 Sicilia
639 3640 742 3709 dividit,
779 3657 840 3710 quse
851 3640 898 3705 illi,
909 3639 981 3708 quod
992 3641 1027 3692 ob
1038 3640 1228 3708 rempublicam
1244 3655 1313 3692 mor·

208 3723 323 3778 Βοωαιυ
333 3718 445 3783 uenisse,
453 3722 537 3771 noctu
552 3718 682 3782 introisse,
696 3735 754 3772 ne·-
778 3723 833 3774 tem
844 3718 947 3784 oblinet,
957 3720 986 3771 ln
996 3717 1099 3772 Rostris
1110 3722 1199 3780 erecta
1208 3721 1257 3780 est,
1273 3719 1312 3768 lo-

208 3799 323 3872 quesibi
340 3797 447 3850 obviam
463 3811 625 3866 quemquam
636 3797 742 3866 prodire
778 3795 1312 3865 cumgladiatoribus,ludisquebubebaut

103 3867 109 3882 '
206 3875 742 3949 potuissc‚obtaeitumetsnbitumsuum
778 3889 985 3944 quaquaversus
996 3874 1078 3943 pedes
1090 3875 1214 3942 quinque.
1240 3873 1311 3924 Cum

208 3959 360 4012 aduentum.
389 3954 663 4022 Reuerebatciocru:
683 3955 743 4007 Eti-
777 3950 1311 4020 igiturClodinscnudidetusessetpeii·

207 4053 250 4090 eru
261 4036 345 4091 tribus
356 4034 426 4087 boris
438 4033 526 4088 Βοωα
542 4033 740 4098 Interamnam
777 4036 835 4084 erat
846 4049 863 4084 a
877 4047 964 4085 sorore
974 4031 1076 4097 Clodia,
1095 4029 1208 4083 Metello
1224 4028 1310 4080 Celeri

207 4115 332 4184 quoniam
354 4113 465 4167 clodius
487 4112 560 4166 salsis
573 4101 695 4165 ‘testibus
713 4112 742 4164 in
777 4114 938 4179 nuptaque)
947 4110 1060 4163 multum
1070 4106 1239 4161 haberetloci
1248 4122 1312 4158 con·

203 4191 306 4260 judicio
325 4192 484 4254 obtinuerat,
503 4205 531 4242 se
547 4205 601 4260 qua
617 4189 682 4243 horu
701 4206 741 4243 ar-
777 4188 920 4253 mbricut
937 4187 988 4240 sibi
1004 4187 1168 4255 aliquantum
1179 4184 1312 4236 eoncede-
1376 4210 1387 4226 ε

208 4269 365 4337 guerebnin
374 4273 465 4337 operto
474 4268 559 4321 Bonae
570 4269 637 4322 Dete
649 4268 741 4338 depru-
761 4256 825 4319 'ret
854 4266 906 4319 Illa
918 4269 1008 4318 autem
1022 4279 1116 4332 parum
1131 4261 1273 4314 liberaliter
1284 4262 1309 4314 ei

207 4346 314 4411 bemus,
330 4343 490 4400 Interemnae
505 4345 595 4410 luisse,
612 4347 686 4415 quod
695 4361 742 4400 ue·
776 4345 834 4397 visa
844 4349 885 4397 est
895 4342 1062 4415 respondere,
1078 4355 1140 4393 cum
1155 4354 1239 4393 unum
1250 4343 1310 4392 tan-

207 4436 267 4478 runr
289 4437 347 4474 esse
372 4437 426 4476 non
445 4427 557 4492 poterat,
579 4439 647 4477 cunr,
664 4419 740 4477 multi
775 4422 938 4492 tumpedem
946 4419 1112 4490 promisisset.
1132 4417 1238 4486 Deque
1246 4431 1309 4470 cnm

208 4497 377 4553 eumRomae
387 4499 740 4554 uidissenttribnsborisan-
776 4500 1182 4570 Ciceroneqneatnaresponsnm
1190 4497 1309 4564 tulitin-

207 4577 740 4646 tedeprebensionem,etlnteramnaion-
773 4577 971 4647 juriaillumde
980 4572 1136 4632 aurumne
1145 4575 1214 4645 pede
1222 4577 1306 4645 queri.

243 4669 306 4712 von.
320 4669 351 4710 ri.
811 4660 859 4708 tx
