3225 5175
623 337 988 435 enumerem.
1290 378 1365 451 noo

244 532 282 576 na
298 524 348 590 est,
367 520 474 575 animus
490 518 647 590 eeqnieseit,
659 520 785 590 ultroque
819 480 1176 594 'Ymiegononnuquei
1187 536 1250 592 quae
1261 523 1364 594 aiiipro

145 660 148 667 ,
237 601 354 670 arripit:
373 598 785 669 sinminusaeqniesoatetarri·
822 596 1106 660 dereiiotohebnerint,
1115 596 1174 665 ipsi,
1183 599 1216 651 'ut
1225 607 1364 668 postesex

243 679 309 745 piat,
320 682 392 731 certe
404 679 498 731 meiius
514 676 655 730 desiderat
665 690 677 719 ¹·
693 678 784 741 Quare
821 679 928 728 vetusto
947 674 1038 743 aliquo
1049 676 1204 744 exemplari
1224 678 1363 744 cognitum

243 756 278 809 de
289 757 340 809 irae
351 756 428 808 reite
443 770 557 809 oenseo:
576 755 601 807 ei
618 772 680 825 quae
692 756 785 811 dueto-
821 758 871 818 est,
882 753 1034 807 sanaverint
1045 757 1074 806 et
1079 754 1275 807 illustraverint
1300 757 1364 820 Quo

242 848 302 887 rum
314 834 452 887 hominum
461 834 566 901 judieio
579 834 715 903 probetur,
727 834 784 885 sive
821 830 850 882 in
857 846 963 899 genere,
972 831 1174 884 solertissimum
1187 832 1301 900 cognovi
1310 833 1364 886 Ga·

245 914 290 965 iiia
309 928 344 966 ex
367 913 508 981 scripturae
526 912 654 980 vestigiis,
674 927 734 981 quae
757 916 785 965 et
821 909 932 961 brieiem
951 909 1096 974 Faemum,
1115 910 1236 964 amioum
1253 924 1362 974 meum

241 991 325 1044 tutior
339 994 397 1054 est;
415 990 480 1056 sive,
497 991 545 1043 ubi
563 992 606 1044 rei
624 984 724 1051 desint,
741 992 785 1046 vei
821 987 900 1054 eujus
916 1000 975 1055 ego,
992 988 1075 1055 panio
1094 991 1156 1040 ante
1175 989 1299 1053 extincti,
1316 994 1365 1041 ant

243 1074 315 1123 eerte
327 1084 380 1121 oon
392 1073 488 1123 extent
496 1070 617 1137 vestigia,
628 1084 664 1123 ox
675 1069 785 1123 historia
820 1066 911 1136 potius
922 1066 957 1118 ad
973 1066 1112 1137 meliorem
1125 1066 1207 1119 sitam
1225 1065 1270 1136 (ea
1286 1068 1364 1120 inno-

243 1152 326 1217 atque
337 1162 374 1200 ex
384 1148 493 1215 ingenio
504 1147 576 1199 saeta
595 1147 646 1202 sit:
665 1149 731 1201 dnm
749 1162 784 1200 ne
821 1142 1363 1209 eentiaiuit)tredueti‚desideriumierre

243 1226 331 1279 verbis
342 1226 521 1291 iniereiendis,
532 1242 638 1279 eorrosa
649 1228 784 1280 mutilata·
820 1223 866 1275 rix
873 1237 991 1291 possum
1010 1222 1073 1274 Hoe
1081 1223 1173 1290 seripti
1184 1222 1218 1275 ab
1226 1224 1327 1276 eoiibri
1334 1224 1363 1277 in

241 1320 295 1375 que
306 1306 376 1375 loca,
386 1306 463 1375 quasi
473 1305 552 1359 rimas
564 1306 681 1375 expleat,
693 1308 782 1359 iocum
819 1300 986 1365 Terentium,
999 1300 1135 1365 Plautum,
1147 1300 1264 1360 Livium,
1274 1302 1363 1370 ipsum

241 1396 310 1447 esse,
327 1383 357 1434 in
372 1385 440 1435 serie
451 1383 601 1447 verborum,
616 1384 691 1436 velut
701 1382 783 1451 justis
820 1378 937 1448 denique
943 1380 1110 1443 Ciceronem,
1118 1382 1288 1444 testarentur,
1294 1380 1317 1432 ti
1325 1380 1365 1432 fo·

241 1461 376 1528 equitibus
399 1462 428 1513 in
456 1462 660 1530 quatuordeeim
684 1461 780 1514 ordini·
819 1455 1055 1515 mdtiifuiownt
1073 1457 1362 1526 Sedeosaudio,apnd

242 1537 440 1603 busdaudum.
475 1538 556 1603 Quod
567 1539 676 1608 quidem
691 1538 784 1593 haete-
818 1533 1364 1594 studiosissimumbonsmmrtiumado-

241 1630 293 1669 nus
301 1616 452 1669 factitatum
462 1634 529 1681 ease,
537 1619 579 1671 vet
589 1633 623 1671 ex
633 1632 688 1670 uno
699 1621 781 1687 atque
818 1612 966 1666 lucentem
985 1614 1118 1683 simulque
1136 1618 1165 1667 et
1182 1614 1361 1667 clarissimum

241 1694 326 1747 aitero
341 1694 435 1748 irarum
451 1696 622 1765 epistolarum
635 1696 710 1763 libro,
721 1712 782 1749 sex·
819 1690 989 1744 Gordinalem
1002 1692 1128 1745 Carolum
1141 1693 1320 1747 Borromeum
1328 1708 1362 1746 eo

168 1766 172 1775 ’
240 1772 327 1825 uentis
343 1776 372 1825 in
391 1775 458 1828 loeis
478 1775 557 1828 facile
575 1776 674 1844 possim
693 1780 782 1829 osten·
818 1768 1362 1835 wssdliowfffflsuivfflmodiffldss·
1415 1767 1431 1832 .'

240 1850 321 1904 dere:
339 1853 478 1922 inquibus
495 1855 572 1907 eiiter
582 1858 663 1923 atque
677 1854 707 1907 in
724 1869 782 1907 ma·
818 1852 871 1902 tur·
895 1848 952 1900 Hie
962 1853 1064 1913 &mens
1079 1850 1143 1903 livet
1154 1852 1294 1919 penpiw
1306 1850 1364 1903 fut·

237 1930 382 1999 nnsoriptis
400 1932 505 1999 iegitur,
521 1932 680 2001 impressum
692 1936 741 1996 est,
752 1936 781 1984 et
817 1927 860 1991 rit,
869 1926 903 1979 ad
913 1926 1021 1980 Octavii
1036 1928 1197 1997 Pantagathi
1208 1930 1321 1998 gloriam
1332 1930 1361 1983 in
1402 1958 1405 1971 ·

239 2010 378 2063 communi
401 2011 478 2078 quasi
497 2009 603 2076 judicio
622 2010 778 2063 admissum.
817 2004 880 2064 hoo,
888 2004 958 2057 sicui
969 2020 1021 2058 neo
1032 2007 1136 2059 caeieris
1144 2008 1171 2059 in
1179 2008 1260 2060 rebus
1268 2005 1363 2061 aedit»

239 2086 378 2155 Siquidem
389 2102 443 2139 non
455 2102 515 2139 esse
526 2088 616 2139 omnia
627 2087 656 2138 in
668 2102 780 2140 eonsen-
818 2084 932 2152 oipiinia,
948 2099 1003 2136 non
1021 2087 1149 2153 pervenit.
1186 2086 1270 2139 Hune
1288 2087 1361 2139 enim

239 2180 270 2216 su
287 2165 490 2233 exemplarium,
506 2164 663 2235 judicioque
679 2166 780 2235 aliquid
818 2176 903 2214 unum
919 2176 955 2215 ex
972 2163 1104 2227 omnibus,
1123 2164 1153 2215 in
1170 2166 1244 2217 omni
1256 2164 1361 2230 judieio
1428 2187 1434 2197 ·

240 2242 305 2296 dari,
317 2243 384 2294 iliud
395 2249 553 2309 argumento
568 2250 617 2307 est,
635 2244 707 2311 quod
726 2258 779 2294 non
817 2240 1006 2309 politissimum
1012 2234 1360 2309 eteiegantissimum,saepe

238 2320 548 2376 rarounioseuetoritss
565 2322 658 2372 multis
676 2337 780 2390 praepo·
816 2317 906 2370 mirari
927 2319 1017 2373 soleot
1036 2336 1117 2389 quem
1139 2322 1186 2389 qui
1206 2321 1358 2373 Varronem

239 2400 320 2452 nitur.
356 2398 665 2463 Cuiveroanirnusvix,
679 2406 726 2452 out
744 2416 779 2453 ne
817 2396 902 2447 seeuii
918 2395 999 2463 hujus
1014 2399 1159 2465 appeliant,
1175 2414 1220 2450 nae
1239 2397 1279 2449 ilii
1294 2398 1360 2451 mini

239 2478 286 2531 rix
298 2478 407 2547 quidem
424 2477 575 2543 assentitur,
587 2491 622 2529 ne
633 2478 658 2530 ei
669 2478 778 2547 quidem
816 2474 949 2538 visisunt,
961 2475 1027 2542 quid
1040 2478 1159 2529 maxime
1170 2477 1267 2528 deceat
1281 2477 1360 2529 intei-

238 2557 410 2624 oonjeeturre,
421 2555 519 2609 theatri
530 2556 606 2609 editu
621 2572 728 2626 prorsus
739 2557 779 2609 in-
816 2552 920 2622 ligere(
943 2554 1007 2618 Sed,
1019 2560 1050 2607 ut
1067 2555 1096 2608 in
1112 2571 1199 2624 pauee
1214 2554 1359 2623 conferam,

235 2637 423 2710 ¹terdieendnm
444 2641 518 2705 puto,
540 2635 605 2688 dum
627 2651 661 2689 ne
682 2636 779 2689 eadem
815 2648 870 2684 non
893 2638 935 2686 est
958 2648 1050 2686 eoram
1071 2634 1360 2705 hominuminduetria

236 2716 301 2769 sede
313 2715 447 2783 dignetur.
484 2715 777 2782 Namnequealiarum
816 2711 1009 2779 contentioque
1028 2712 1207 2780 infringenda,
1228 2729 1290 2781 quse
1309 2729 1359 2765 no-

229 2794 384 2848 'inminibus
394 2793 516 2855 obstruit,
529 2793 622 2844 inimo
635 2792 738 2859 jacens,
750 2798 778 2846 et
815 2805 875 2842 nere
887 2789 953 2843 nihii
964 2796 1062 2858 posset,
1071 2790 1168 2857 juvare
1178 2793 1270 2861 possit
1302 2791 1358 2844 Eo-

237 2889 309 2941 ssepe
327 2887 476 2935 ascensum,
488 2873 610 2940 quamvis
621 2887 669 2940 per
680 2871 778 2924 incisos
814 2884 874 2920 rum
890 2873 990 2931 tamen,
1006 2869 1030 2920 ai
1045 2869 1092 2938 qui
1109 2875 1180 2931 sunt,
1199 2886 1266 2938 quos
1282 2871 1359 2939 equi-

234 2953 362 3020 nraieque
373 2950 507 3002 haerentes
519 2950 650 3002 scalarum
669 2950 777 3017 gudus,
815 2946 876 2998 dem
888 2947 988 3011 neseio,
999 2947 1110 3000 lieentia
1121 2948 1231 3000 serenda
1241 2963 1293 3001 non
1305 2953 1356 3013 est,

236 3030 440 3098 sortibuspmt.
462 3027 553 3094 Hujus
563 3043 626 3098 ergo
634 3028 778 3081 modieon-
814 3026 899 3094 quint
907 3025 1063 3093 unisepere,
1073 3028 1148 3079 etsui
1156 3027 1257 3096 aliquid
1265 3027 1357 3080 arene

121 3125 124 3132 ’
235 3108 358 3176 jecturae,
381 3123 429 3160 seu
450 3107 533 3159 mavis
556 3107 723 3176 suspiciones
743 3121 775 3159 ae
813 3105 966 3167 rideantur,
985 3109 1061 3156 reeta
1082 3106 1166 3157 etiam
1188 3106 1355 3174 depravent:
1435 3121 1439 3130 ·

237 3185 423 3248 divinationes,
441 3185 492 3253 (sie
511 3186 583 3237 enim
602 3187 708 3254 appeiio
722 3201 776 3251 ees,
814 3182 861 3233 sed
874 3197 972 3234 censeo
982 3186 1074 3234 tamen
1085 3184 1168 3236 etiam
1180 3189 1262 3252 atque
1273 3185 1356 3236 etiam

238 3279 300 3332 qum
319 3279 424 3332 prorsus
443 3279 460 3315 a
477 3263 609 3331 scriptura
626 3264 777 3326 discedunt,
814 3261 968 3325 videndum,
989 3279 1052 3330 qure
1074 3262 1114 3314 iiii
1143 3277 1234 3332 prove,
1256 3277 1356 3331 quaeve

237 3342 371 3410 citiusque
382 3342 523 3408 sententia,
534 3357 616 3411 quam
628 3345 727 3410 scripto
737 3344 777 3395 ni·
813 3345 887 3392 reeta
896 3340 984 3392 soceri
994 3341 1086 3393 velint.

237 3419 344 3486 tuntnr)
359 3419 389 3472 in
406 3421 495 3472 medio
513 3421 622 3484 relictae,
640 3421 706 3490 quid
719 3426 776 3474 tan·
848 3417 906 3470 Noa
918 3418 1027 3486 quidem
1040 3433 1093 3470 non
1108 3434 1198 3486 panea
1211 3419 1241 3471 in
1253 3417 1298 3471 iris
1314 3419 1355 3486 ip-

237 3505 296 3554 tum
320 3499 446 3559 offioiant,
466 3515 520 3551 non
539 3499 627 3564 video,
649 3499 729 3552 etiem
754 3500 776 3552 si
814 3495 1224 3564 sisepistoiisdeprehendimus,
1236 3498 1354 3566 speeiem

234 3579 317 3632 serias
336 3577 405 3628 inter
426 3591 462 3641 se,
481 3576 696 3647 dissidentesque
714 3577 775 3630 sint.
814 3573 923 3642 quidem
931 3574 1055 3641 praeferre
1062 3577 1191 3628 naturalis
1198 3575 1355 3645 partue,sed

235 3657 308 3712 Nam
319 3660 348 3708 et
359 3655 387 3706 in
405 3653 471 3707 iouis
488 3654 639 3723 depravatis
657 3655 776 3708 adhiberi
814 3652 965 3704 adulterina
973 3669 1039 3718 esse,
1049 3660 1078 3706 et
1085 3655 1233 3709 subdititia.
1251 3657 1355 3724 Depre-

235 3737 330 3800 solent,
338 3737 370 3787 ut
380 3733 472 3786 damni
480 3733 537 3800 jam
546 3733 613 3786 nihil
622 3733 686 3789 fiat:
704 3735 775 3787 etad
814 3730 956 3784 tendimus
973 3737 1065 3785 autem
1084 3732 1136 3787 hoe
1156 3736 1245 3788 modo.
1280 3735 1352 3787 Cum

235 3814 374 3868 veritatem
394 3811 538 3881 aliquando
558 3813 717 3881 perducunt,
736 3817 775 3866 at·
814 3812 886 3863 eninr
897 3811 936 3864 ita
947 3812 1094 3879 statuerim,
1105 3812 1172 3866 nihii
1183 3813 1217 3866 ab
1229 3813 1280 3865 hoe
1291 3827 1355 3882 pru·

233 3909 288 3964 qne
299 3895 367 3946 adeo
383 3891 575 3962 perduxerunt,
585 3894 633 3944 aut
644 3892 724 3945 etiam
735 3893 776 3961 ip-
812 3889 976 3955 deotissime,
988 3891 1165 3960 omnibusque
1177 3896 1205 3944 et
1223 3891 1352 3943 doctrine

236 3967 436 4026 aaeveraesu'nt.
812 3972 841 4020 et
851 3972 955 4020 naturae
963 3970 1094 4036 praesidiis
1103 3971 1208 4023 munito
1217 3969 1252 4021 ed
1261 3968 1353 4022 dieen-

269 4052 324 4105 Sed
343 4064 431 4119 neque
453 4049 520 4103 iilud
540 4049 625 4114 obest,
645 4049 774 4119 plurimos
812 4047 878 4098 dum
889 4046 1023 4113 magistro,
1034 4048 1085 4101 nisi
1102 4049 1257 4117 perfeetum,
1269 4051 1352 4115 atque

236 4131 315 4186 hodie
332 4129 395 4182 huie
414 4130 488 4197 operi
507 4129 773 4182 manusudmovisse.
811 4124 935 4176 omnibus
956 4127 1074 4179 numeris
1100 4127 1251 4179 absolutum
1276 4126 1351 4193 gigni

230 4207 567 4284 'Sienim'ubileompiures
585 4209 687 4262 diutius
697 4208 772 4276 jeeu·
810 4209 905 4272 posse:
924 4205 980 4256 eise
991 4205 1016 4256 ei
1027 4204 1154 4256 meditate
1167 4209 1196 4256 et
1206 4203 1350 4270 elaborata,

236 4285 380 4351 iantnr5ibi
392 4286 490 4339 accidit
507 4286 660 4355 aliqnando,
671 4292 709 4339 ut
727 4287 773 4339 aii·
810 4284 867 4337 sive
880 4284 969 4337 subita
983 4290 1011 4337 et
1027 4283 1135 4336 fortuita
1145 4283 1264 4336 oratione
1273 4286 1353 4336 uten-

235 4363 505 4433 quissignnmieriat:
518 4381 628 4418 eurnon
639 4365 681 4417 hie
690 4366 772 4417 etiam
811 4362 876 4415 dum
888 4367 976 4416 esset:
995 4360 1093 4431 siquid
1112 4362 1139 4413 in
1156 4379 1189 4414 ea
1199 4359 1350 4416 inveniatur

234 4441 388 4496 usuvenire
404 4443 553 4508 credemus,
571 4449 604 4497 ut
621 4444 679 4508 hoo,
698 4441 772 4513 quod
809 4457 1073 4512 nonnunquam,non
1085 4441 1175 4494 dicem
1186 4457 1281 4510 parum
1291 4442 1351 4496 iati-

234 4520 313 4574 muiti
331 4523 430 4587 petant.
446 4537 552 4589 quoque
565 4537 659 4574 nervos
671 4522 771 4589 ingenii
809 4537 884 4585 num,
896 4527 944 4573 aut
954 4537 1047 4574 seeum
1057 4521 1145 4587 ipsum
1158 4521 1200 4574 vei
1209 4523 1350 4576 eumveri·

233 4600 277 4656 sni
294 4597 466 4664 contendant,
484 4599 579 4668 aiiqrris
597 4601 772 4668 assequetur?
809 4603 866 4654 tate
877 4613 1009 4669 pegasus,
1016 4599 1091 4668 (nam
1100 4599 1129 4654 id
1138 4601 1247 4672 quidem
1256 4603 1349 4672 pisea-
