3225 5175
708 340 1043 395 EPIS'l'OLARUM

312 574 332 621 d
537 566 578 621 Μ.
590 567 623 620 Τ.
636 568 667 621 C.
699 568 728 620 Ρ.
748 566 931 621 LENTULO
956 565 1110 620 PROCOS.
1129 567 1157 618 S.
1168 568 1205 619 D.

310 732 313 739 ’
347 713 425 767 Asa:
441 711 540 767 Scribit
564 713 598 765 de
614 712 767 767 C.Cctouis
790 728 849 781 pro·
887 712 1427 782 quereJecto,atiaquupismrationeredn·

310 792 484 857 mulgdtionc,
504 791 537 841 de
556 796 628 843 statu
641 791 729 859 regiae
746 791 848 854 causae,
887 794 1002 851 ceretur,
1008 789 1141 855 jacturam
1153 791 1357 845 existimationis
1368 808 1425 847 suu

309 869 346 921 ‚de
358 884 406 920 suo
417 867 559 937 Seliciiqne
572 869 692 933 consilio,
704 868 782 936 cujus
794 886 847 923 nou
887 867 1019 921 lentulus
1029 868 1058 920 in
1069 884 1103 920 eo
1114 868 1214 921 nnllam
1228 870 1333 929 taceret.
1362 870 1407 923 lu.

262 986 264 989 .
310 946 468 999 inhonorum
491 952 616 999 eventum
638 952 733 1017 sperat.
770 949 848 1001 Asso
921 945 975 998 Hie
989 964 1046 1016 quc
1063 947 1187 1016 agantur]
1206 946 1423 1014 Disjucgcudnm

286 1038 287 1043 ’
310 1023 346 1079 U.
360 1025 390 1077 G.
402 1028 463 1078 697.
885 1039 902 1074 a
919 1025 1154 1090 superinducant
1175 1024 1211 1076 sit
1229 1025 1283 1077 alia
1296 1026 1423 1093 epistola:

309 1135 314 1142 -
344 1102 435 1155 Fidem
451 1112 476 1155 ee
496 1100 698 1175 lermoennum]
717 1104 786 1157 Cum
805 1120 848 1157 re·
885 1102 1422 1170 quodexipsocognosciturargumeuto:

309 1180 429 1233 teruntur
444 1181 478 1233 ad
489 1199 578 1245 meam,
590 1182 704 1233 retinent
715 1198 790 1235 susm
799 1198 847 1235 ns-
884 1180 956 1233 dixit
972 1181 1044 1233 cnitn
1059 1182 1088 1234 in
1100 1180 1243 1249 superiore,
1255 1197 1337 1253 prope
1349 1182 1424 1236 dels-

309 1258 389 1311 tiraru
402 1258 634 1327 significationem:
654 1258 676 1311 si
693 1256 729 1310 ‘ad
745 1269 846 1312 coetmc·
884 1261 942 1309 tum
959 1274 1018 1310 esse
1037 1274 1127 1326 regem
1145 1260 1181 1312 ad
1199 1259 1375 1328 Pompeium:
1393 1264 1423 1315 iu

206 1356 210 1364 ·
308 1354 374 1397 rum,
382 1336 599 1404 nctatperfidiam
607 1341 634 1387 et
644 1338 845 1416 malignitatem.
884 1334 943 1398 hac,
967 1337 1177 1389 Alexandrinam
1199 1334 1308 1390 causum
1331 1338 1365 1391 ab
1388 1356 1421 1393 eo

308 1414 335 1468 J.
349 1414 380 1467 F.
393 1414 521 1469 Gronov.
645 1458 647 1463 ,
883 1415 1039 1481 depositam,
1051 1415 1190 1482 siguificat.
1219 1417 1360 1480 Praeterea,
1371 1434 1421 1471 cur
1514 1444 1518 1457 ·

341 1492 377 1545 ln
388 1504 433 1546 tus
442 1489 579 1563 dignitate]
599 1492 641 1544 Da
652 1508 705 1560 qua
717 1495 804 1561 agitur
815 1494 844 1547 in
883 1492 917 1543 de
929 1492 1032 1545 Catone
1044 1493 1139 1546 eadem
1156 1493 1367 1548 iterenturt'cur
1382 1498 1421 1550 ita

306 1572 477 1639 reginenses.
514 1570 592 1623 Mis.
883 1570 1194 1637 concludatepistolam:
1214 1570 1257 1624 Tu
1265 1571 1317 1641 fac
1335 1573 1421 1626 unitae

341 1647 376 1700 ln
386 1666 441 1700 mec
452 1645 543 1717 solute]
555 1648 625 1699 Cum
638 1647 671 1699 ab
681 1649 773 1701 amicis
782 1664 843 1716 pro-
872 1646 953 1715 forti,
961 1664 1101 1717 magnoque
1110 1647 1159 1699 ris:
1177 1664 1239 1701 eum
1250 1650 1373 1718 ecmjam
1382 1652 1418 1705 sd

305 1725 414 1779 ditusin
426 1726 536 1778 exilium
548 1724 610 1777 abii.
647 1725 732 1778 luxu.
883 1724 964 1776 animi
985 1725 1198 1791 magnitudinem
1222 1725 1376 1781 whortstus
1391 1730 1420 1781 in

340 1802 495 1865 Exortum]
506 1805 605 1859 Praeter
613 1804 842 1871 expectationem:
882 1816 915 1853 eo
925 1802 985 1853 loco
997 1804 1045 1855 sit:
1064 1802 1126 1855 rim
1138 1803 1276 1873 cupientic,
1291 1808 1421 1875 mapin-

307 1881 369 1949 quia
379 1882 447 1933 Cato
458 1887 486 1933 et
497 1880 626 1935 Caninius
639 1886 800 1947 negaverant
814 1898 843 1934 se
880 1879 996 1949 unisque
1013 1881 1092 1933 animi
1106 1883 1163 1933 est?
1188 1882 1224 1934 Et
1236 1883 1346 1937 omniuo
1355 1902 1419 1939 cum

305 1960 388 2011 ullum
399 1960 485 2025 legem
498 1963 560 2011 anie
576 1959 684 2011 comitia
699 1975 758 2013 ease
774 1961 843 2012 latu·
881 1960 939 2008 totu
950 1973 993 2009 res
1002 1958 1055 2010 alia
1066 1959 1178 2021 ridetur,
1189 1965 1247 2037 turp
1265 1963 1418 2027 agnoscitur

304 2052 356 2089 ros
391 2035 477 2090 Icari.
626 2085 629 2093 ,
735 2032 738 2041 ’
880 2034 1000 2099 cpistolae
1022 2037 1182 2104 principium
1203 2039 1231 2090 in
1251 2038 1292 2091 liis
1314 2041 1418 2095 verbis:

340 2110 533 2184 Promuigatio]
551 2112 590 2165 Ut
606 2114 737 2168 Lentulus
750 2132 765 2169 e
778 2116 842 2170 Cili·
881 2110 935 2165 lue
945 2130 1002 2183 qua
1011 2125 1242 2187 ugoniusquoeqse
1253 2127 1309 2170 ceta
1319 2119 1418 2184 cinnes

305 2192 347 2245 oin
358 2197 532 2245 revocaretur.
550 2190 621 2245 Vide
636 2194 668 2245 ad
683 2194 716 2259 Q.
726 2194 770 2247 Fr.
780 2194 803 2248 1.
813 2200 839 2249 3.
880 2199 904 2243 te
923 2195 965 2256 dc.
993 2194 1113 2247 Anthou
1124 2198 1417 2266 estciteriusepistulre

304 2270 393 2325 lustr.
879 2231 1000 2327 initium:
1019 2278 1066 2326 aut
1075 2289 1134 2341 quae
1144 2282 1299 2343 sequuntur,
1309 2291 1417 2331 coneo

337 2347 526 2421 Minorem]
540 2349 581 2403 Dc
590 2352 743 2405 reducendo
754 2352 838 2421 Rege.
880 2350 941 2401 deut
960 2351 1005 2403 die
1023 2351 1121 2417 scripta
1137 2358 1208 2415 suut,
1226 2370 1279 2422 quo
1298 2357 1417 2422 superior

336 2426 475 2495 Timorem]
494 2430 534 2481 Ne
546 2429 687 2498 imperium
703 2430 751 2481 tibi
764 2430 840 2485 abro-
879 2428 1000 2493 epistolae
1020 2444 1094 2495 pars:
1112 2446 1184 2497 saepe
1204 2437 1294 2484 autem
1307 2434 1415 2500 accidit,

303 2510 387 2573 gelus.
425 2508 552 2561 Coruin.
781 2560 783 2563 ,
878 2507 910 2553 ut
926 2505 1028 2556 litteras
1044 2521 1098 2557 non
1112 2507 1246 2567 contiuuo,
1258 2507 1305 2559 sed
1322 2512 1415 2564 crebro

258 2621 263 2630 .
336 2584 538 2656 Perfidiamisi
549 2584 655 2646 enimin
667 2583 752 2636 officio
763 2601 839 2638 man·
877 2581 989 2647 repetita
1007 2582 1150 2649 scriptione
1164 2583 1346 2647 conficiamus,
1362 2590 1415 2642 ain-
1480 2594 1482 2597 '

301 2665 382 2716 aerim
396 2664 483 2727 amici,
495 2663 541 2729 qui
554 2677 629 2714 suam
643 2661 718 2712 uobis
730 2677 838 2728 operam
878 2657 1060 2722 gulis‘diebus
1074 2657 1137 2709 novi
1153 2658 1253 2725 aliquid
1269 2663 1415 2730 appingen-

302 2741 336 2804 sd
358 2739 541 2806 impediendas
565 2737 730 2790 tribunorum
754 2737 839 2806 plebis
878 2736 933 2785 tes:
952 2733 979 2785 id
991 2735 1062 2801 quod
1074 2734 1102 2786 in
1114 2735 1232 2803 epistolis
1243 2738 1278 2790 ad
1292 2740 1414 2797 Atticum

286 2881 287 2884 Ἴ
301 2815 452 2883 rogationes
463 2813 574 2883 polliciti
591 2821 662 2879 sunt,
679 2813 743 2866 nihil
761 2815 838 2868 time-
877 2811 981 2878 scn'ptia
997 2813 1141 2880 saepisaimc
1161 2813 1263 2868 tactum
1282 2807 1413 2876 iidemus.

302 2909 370 2947 mus.
405 2891 483 2944 ΜΛΝ.
877 2888 964 2942 lusa.

337 2965 516 3042 Ocrucregic]
534 2969 626 3024 Facile
645 2970 741 3038 etipse
753 2972 852 3036 credi2
910 2965 1038 3040 Convicio]
1067 2969 1137 3022 Cum
1156 2971 1226 3025 enim
1249 2974 1362 3045 Clodius
1377 2981 1412 3034 da

301 3048 385 3104 derim
396 3065 472 3100 ecura
482 3048 556 3118 regis
574 3065 632 3102 csse
650 3049 790 3115 glossema,
807 3058 839 3103 ur
874 3045 933 3097 loco
944 3046 1078 3112 superiore
1086 3044 1130 3114 (ut
1137 3049 1177 3101 ait
1188 3050 1357 3123 Plutarchus)
1371 3059 1413 3111 in·

301 3127 450 3184 Lambinus
468 3130 497 3178 et
515 3127 659 3180 Manutius
674 3131 746 3180 recle
758 3128 837 3188 ¹ride-
873 3128 1019 3191 terrogaret
1036 3141 1099 3178 suos
1114 3126 1142 3178 in
1157 3130 1285 3185 concione
1302 3139 1412 3206 stantes,

299 3212 379 3268 runt:
395 3221 486 3260 rerum
510 3189 605 3271 ejicere
627 3205 672 3257 illu
694 3205 783 3268 verba,
808 3212 838 3259 et
873 3201 933 3270 quis
941 3208 1019 3266 essct,
1032 3204 1079 3271 qui
1090 3206 1196 3272 plebem
1207 3208 1276 3264 lame
1286 3221 1410 3270 necaret?

300 3285 434 3345 cradicare
453 3283 542 3336 inritis
557 3283 690 3350 omnihus,
704 3288 836 3353 quotquot
872 3279 1337 3356 respondebantoperae‚P0mpercs;
1348 3296 1410 3362 quis

299 3363 349 3418 risi
365 3361 452 3416 adhuc
469 3369 539 3424 sunt,
556 3361 692 3414 mdicibus
711 3363 835 3431 antiquis,
872 3357 1063 3410 Alexandriam
1073 3360 1111 3412 ire
1119 3368 1245 3431 cuperet?
1256 3369 1408 3440 Pompeius,

299 3455 354 3495 non
362 3440 490 3504 ausim,et
498 3439 525 3491 id
534 3454 597 3490 sanc
607 3431 776 3492 temerarium
785 3446 835 3494 est.
871 3435 916 3488 Ad
924 3436 1075 3501 conuicium
1084 3439 1331 3508 impetusueccssit:
1344 3469 1407 3505 naut

299 3520 434 3575 Feceruut
448 3521 538 3570 umen
553 3517 591 3570 illi
602 3517 745 3570 duumviri.
781 3519 834 3572 Sed
870 3513 898 3565 iu
908 3513 1026 3567 oratioue
1035 3533 1083 3584 pro
1092 3517 1210 3574 Milone:
1229 3522 1295 3590 Rev,
1311 3528 1407 3598 inquit,

235 3582 239 3599 '
298 3611 348 3665 ogo
369 3611 465 3664 sequor
489 3596 569 3648 libros
597 3603 719 3649 exaratos
744 3613 834 3663 mauu,
871 3589 971 3644 Mlone
980 3593 1015 3646 sd
1021 3595 1153 3666 mum,
1163 3613 1294 3656 acerucme
1304 3605 1340 3657 P.
1349 3605 1407 3660 Cio·

299 3675 449 3729 Victoriam
462 3678 490 3726 et
498 3674 651 3738 Gruterum.
686 3675 782 3729 Gruav.
870 3668 1076 3734 discusses.
1086 3674 1295 3747 Pompeiorum
1306 3681 1408 3737 Milone

333 3751 463 3812 Quiritium
482 3746 596 3823 tertium]
627 3751 704 3818 Quid¹
717 3751 767 3806 hoc
791 3753 834 3819 sit,
870 3747 990 3801 &entem
999 3750 1105 3820 impetus
1107 3751 1199 3822 scetus
1207 3764 1405 3826 essetquoerm

296 3831 375 3903 plane
394 3845 448 3882 non
464 3830 588 3898 exponit:
608 3830 655 3882 sed
668 3830 835 3899 rideturaig·
868 3827 1406 3895 mroodvoecuio‚seoetiameacsctttius

298 3911 420 3964 niticarc:
439 3908 462 3960 si
476 3908 605 3962 Lentulus
616 3923 705 3976 regern
722 3923 776 3960 non
794 3926 834 3962 re·
868 3904 1026 3973 opptimntdt'
1033 3905 1112 3976 suit?
1128 3907 1214 3961 Iucu.
1244 3903 1403 3980 Videch.

262 4021 266 4029 ι
298 3988 390 4051 ducat,
402 3983 488 4053 neque
499 3986 557 4048 sibi,
570 4000 656 4053 neque
668 3986 765 4039 Selicio
780 3987 833 4040 dis·
868 3979 913 4033 Fr·
925 3982 964 4034 li·
972 3988 999 4037 3.

296 4067 401 4136 pliccre,
414 4067 444 4116 ut
455 4063 631 4132 aquosisalio
642 4063 739 4131 potius,
751 4081 832 4134 quam
902 4060 1008 4136 Caene]
1026 4065 1402 4142 CaicCctoue,Tribnncp10.

297 4144 455 4214 aPornpeio‚
463 4142 612 4196 reducatur.
647 4143 726 4196 ΜΛΝ.
868 4140 915 4205 bis,
927 4143 1026 4212 dequo
1037 4160 1124 4210 supra.
1159 4144 1247 4197 Iners.

254 4241 259 4252 ⁴
330 4219 433 4294 Jccere]
451 4221 592 4276 Ancminc
604 4220 715 4272 restitui.
743 4221 829 4276 lusu.
900 4217 1083 4292 Perturtauu]
1101 4222 1163 4274 Non
1184 4227 1247 4289 um,
1266 4227 1340 4293 quod
1359 4247 1402 4287 η.

331 4297 582 4372 Repulsr]=Pcrtiuet
590 4297 625 4350 cd
636 4298 700 4352 iliud
713 4298 829 4362 tertium,
864 4313 928 4366 pere
939 4302 968 4370 et
976 4298 1070 4350 acerbe
1079 4305 1220 4354 accusatus
1229 4309 1300 4357 emet
1321 4323 1339 4360 ι
1348 4309 1401 4365 c..

296 4378 367 4449 qnod
379 4377 493 4430 sibinen
507 4375 646 4444 displicere
663 4375 747 4430 dixit:
765 4392 828 4446 rege
864 4381 1024 4444 tone,quam
1034 4377 1106 4444 quod
1115 4383 1266 4433 senatorum
1280 4387 1399 4444 omnium

296 4455 580 4524 ccimadPompeinut
589 4454 828 4519 doletheutulus
865 4452 1083 4520 mugnodientio·
1119 4454 1205 4510 lusu.

249 4526 253 4532 ’
293 4533 425 4606 sepultam
434 4533 525 4586 trrliasc
536 4532 685 4598 rideretur:
696 4531 827 4602 sin,‚utro·
898 4527 973 4582 nitri
979 4530 1045 4584 caim
1052 4530 1332 4614 tilidetraaeitrertsrw]
1343 4543 1398 4598 De.
