3225 5175
533 346 568 405 T.
591 344 833 407 comeum!
858 344 1029 404 a'rr1cr.
1240 346 1314 417 289

241 490 456 563 pbilosophorum
466 492 505 545 lta
515 494 642 561 precepta
656 490 751 546 babuit
768 494 912 568 praesepta,
929 495 961 545 nt
978 490 1013 544 ils
1028 488 1064 543 ad
1076 489 1159 544 ritum
1174 485 1315 595 ιειίιιιιιι,Ι

242 586 295 624 non
306 572 341 623 ad
350 570 562 634 ostentationem,
574 576 701 623 uteretur.

276 646 390 702 Xlllll.
409 648 500 701 Moris
512 648 592 699 etlsrn
612 648 741 715 mrJorunr
753 659 873 701 sommus
890 647 1006 701 iurato
1020 648 1079 713 luit,
1095 647 1316 737 antiquitatisque

241 731 355 779 emim:
373 732 454 794 quam
466 726 534 777 adeo
542 722 684 791 dllrgenter
695 726 787 778 bobert
795 726 937 792 cognitam
948 731 980 777 ut
991 734 1051 777 sam
1062 730 1146 778 wiern
1156 739 1185 776 sn
1195 736 1230 776 eo
1239 724 1315 778 volu
1340 762 1346 790 ,

241 804 313 857 mirre
329 804 489 871 exposuerit,
507 814 561 869 quo
577 802 747 869 meginratus
757 805 868 858 ornarit.
903 804 986 856 Nulla
995 804 1067 857 eorm
1082 805 1135 867 lex,
1152 816 1241 871 neque
1252 816 1315 871 pax,

241 894 329 949 neque
340 879 448 943 bellum,
459 892 546 949 neque
557 880 716 932 resitlustrls
726 886 766 932 cst
776 883 867 950 populi
885 881 1087 950 Romanique
1103 881 1197 933 nonin
1206 894 1249 945 eo,
1266 891 1316 932 suo

127 1012 129 1021 ,
240 962 369 1026 tempore,
380 958 414 1010 sit
424 963 529 1010 notatu:
547 962 583 1020 et,
602 958 674 1025 qnod
692 958 874 1012 difficillimum
885 959 944 1020 rint,
960 960 998 1011 sic
1012 959 1171 1012 ramularum
1187 958 1318 1024 origisau

241 1034 388 1098 subtexuit,
406 1041 437 1087 ut
455 1050 489 1087 err
501 1051 534 1087 err
545 1036 674 1087 clarorum
690 1036 805 1089 virorum
825 1038 984 1106 propagines
1001 1036 1132 1105 possimus
1148 1050 1316 1103 cognoscere·

242 1112 320 1165 Fecit
326 1112 376 1166 boo
389 1111 462 1165 idem
472 1112 611 1181 separatim
624 1113 651 1164 iu
663 1112 721 1165 aliis
732 1114 813 1176 libris,
823 1121 855 1168 ut
866 1116 908 1169 M.
919 1115 996 1168 Bruti
1008 1120 1111 1182 rogatu,
1121 1113 1231 1167 Juniam
1242 1111 1318 1165 lumi·

242 1191 306 1242 lisru
322 1206 338 1242 a
355 1190 435 1259 stirpe
444 1191 479 1245 tid
492 1191 561 1243 bano
573 1196 680 1243 artrtern
690 1191 784 1244 ordine
795 1193 996 1255 enumeraverit,
1007 1198 1110 1259 ιοιιιιι,
1119 1192 1174 1259 qui,
1185 1207 1202 1243 a
1213 1206 1267 1259 quo
1277 1206 1318 1241 or·.

242 1272 296 1330 tus,
306 1282 373 1336 quos
384 1268 504 1333 bonores,
523 1267 675 1337 quibusque
693 1268 858 1337 temporibus
873 1269 1005 1339 cepisset:
1021 1270 1077 1338 pari
1093 1269 1182 1334 modo,
1193 1264 1319 1321 Marcelli

241 1346 358 1409 claudii,
370 1344 570 1408 Marcellorum
588 1344 718 1414 Scipionis
729 1346 856 1412 Cornelii,
866 1352 895 1400 et
904 1348 980 1400 Fabii
989 1346 1116 1414 Maximi,
1126 1344 1317 1411 Corneliorum,

243 1428 272 1477 et
283 1424 435 1488 Fabiorum,
453 1428 481 1476 et
494 1422 663 1477 AEmiliorum
673 1438 798 1493 quoque:
814 1425 914 1493 quibus
929 1425 1002 1479 ibris
1013 1425 1077 1479 nibil
1089 1428 1246 1493 potestesse
1258 1423 1319 1475 dnl-

242 1501 302 1556 sins
313 1502 354 1567 iis,
363 1502 410 1571 qni
422 1502 535 1571 aliquam
547 1502 722 1572 cupiditatem
733 1502 833 1555 babent
843 1504 947 1556 miliar
964 1506 1097 1558 clarorum
1108 1504 1233 1558 virorum.
1267 1499 1319 1554 Ar.

243 1578 304 1646 tigit
314 1592 421 1647 qnoque
437 1580 577 1647 poeticen3
594 1579 734 1643 oredimus,
751 1592 786 1631 ne
797 1580 856 1647 ejas
866 1584 1043 1649 expersesset
1054 1582 1199 1634 suavitatis.
1235 1578 1319 1633 Nam-¹
1347 1592 1351 1598 ’

241 1672 296 1725 qne
305 1657 432 1721 vasibus,
442 1656 606 1725 quibonore,
616 1670 756 1725 rerumque
767 1663 901 1725 gestarum
911 1653 1086 1727 amplitudine
1096 1665 1210 1713 ceteros
1218 1658 1318 1711 Roma·

109 1806 116 1821 ¹
196 1780 198 1785 .
242 1735 271 1785 ai
283 1734 373 1801 populi
383 1735 571 1803 prestiterunt,
580 1737 716 1803 exposuit:
735 1734 1057 1805 ita,ntsnbsiugalornm
1069 1736 1319 1804 irnsqinrbnslaots,

242 1811 465 1881 mgistrstnsque
471 1828 564 1865 eorurn
573 1828 627 1864 non
639 1813 904 1881 ampliusquatemis,
914 1815 1037 1883 quinisve
1045 1815 1164 1868 versibus
1173 1814 1320 1883 descripse-

241 1892 287 1943 rit:
314 1890 386 1957 quod
404 1892 450 1943 vix
465 1890 630 1943 credendum
643 1891 685 1953 sit,
704 1895 792 1944 tantas
808 1905 851 1944 res
862 1896 917 1944 tem
928 1888 1043 1946 breviter
1053 1894 1171 1961 potuisse
1182 1892 1319 1945 decimam

243 1966 295 2021 Est
305 1970 387 2021 ffiem
401 1984 471 2021 unns
487 1968 556 2021 liber
571 1970 668 2021 Graeco
679 1969 818 2023 conlectus
828 1972 863 2023 do
878 1966 1022 2042 consulatu
1037 1971 1183 2024 Ciceronis.
1217 1968 1319 2024 nsote-

243 2059 303 2109 nns,
315 2045 408 2098 Attico
419 2046 487 2109 uiro,
498 2046 571 2099 edita
582 2046 642 2098 baro
654 2060 672 2099 a
684 2046 760 2098 nobis
772 2051 843 2100 tunt.

279 2123 364 2177 XiX.
384 2124 472 2188 Nono,
491 2125 619 2191 quoniam
637 2124 743 2177 fortuna
762 2134 810 2176 nos
828 2126 982 2193 superstites
993 2128 1018 2178 el
1034 2140 1093 2180 esse
1107 2126 1201 2188 voluit,
1217 2126 1320 2193 reliqua

243 2216 446 2269 persequemur:
464 2206 629 2269 etqrrsntnm
636 2196 884 2269 poiedunrs,rernm
892 2204 1023 2273 exemplis
1031 2206 1145 2257 lectores
1155 2202 1320 2259 docebimus

243 2278 315 2330 sient
325 2292 404 2347 snpra
414 2278 628 2346 significavimus,
644 2278 711 2333 Suos
721 2280 810 2350 atqu
826 2296 909 2333 sacres
923 2280 1070 2352 meque
1087 2278 1221 2333 corrodium
1228 2278 1320 2349 forts·

244 2372 312 2407 aora.
347 2356 471 2424 Namque
484 2356 528 2409 hio
545 2360 686 2409 contentus
698 2356 790 2410 ordine
801 2358 925 2427 equestri,
942 2376 997 2427 qno
1010 2363 1067 2410 erat
1078 2363 1159 2420 ortos,
1170 2358 1198 2410 iu
1210 2358 1320 2410 affluite

245 2436 300 2485 tem
311 2434 432 2501 parvenit
440 2435 605 2502 imperatoris
614 2434 676 2488 Diri
689 2436 743 2499 riri,
754 2444 817 2489 cunr
825 2438 882 2502 jam
893 2441 956 2488 ante
967 2436 1171 2489 seruiliaritatem
1180 2434 1239 2501 ejus
1249 2439 1321 2487 esset

244 2518 414 2579 conuentus,
426 2514 500 2566 nulla
511 2514 565 2567 alia
580 2530 617 2579 re,
629 2529 708 2583 quarn
720 2516 854 2583 elegantia
864 2514 934 2579 ritae,
945 2527 1001 2584 qua
1011 2519 1122 2566 ceteros
1132 2514 1239 2581 ceperat
1248 2513 1321 2582 prin-

244 2592 318 2660 cipes
329 2593 452 2657 civitatis,
461 2593 591 2660 dignitate
602 2595 666 2663 pari,
678 2594 784 2647 lomnna
792 2593 938 2647 lrurdiliore.
973 2594 1063 2646 Tanta
1073 2593 1146 2645 enlm
1162 2593 1321 2661 prosperitas

243 2671 379 2723 Caesarem
391 2677 432 2724 est
448 2675 601 2736 consecuta,
620 2677 650 2724 ut
667 2672 731 2725 nihil
743 2673 768 2724 ei
786 2681 841 2723 non
851 2671 972 2724 tribuerit
984 2671 1097 2733 Mnus,
1113 2671 1185 2745 quod
1195 2670 1321 2738 ouiqmnr

243 2749 454 2812 antedetnlerit;
471 2755 499 2802 et
509 2750 664 2812 conciliarit,
674 2751 746 2820 qood
758 2763 838 2802 nemo
846 2749 933 2802 adbuc
945 2748 1010 2802 ciria
1021 2747 1159 2800 Romanus
1167 2748 1322 2816 quiritem

246 2829 330 2895 sequi.
364 2827 436 2880 Nata
447 2832 487 2880 est
498 2821 590 2880 autem
600 2829 692 2881 Attico
703 2831 790 2898 neptis
800 2842 837 2880 ex
845 2827 974 2896 Agrippa,
986 2828 1029 2879 cni
1036 2827 1165 2892 virginem
1178 2826 1258 2879 liliam
1267 2825 1323 2878 eds

245 2905 353 2959 locarat
389 2905 469 2958 Hono
481 2906 571 2959 Caesar
582 2907 628 2959 vix
638 2907 799 2967 anniculam,
814 2905 858 2958 Τί.
870 2905 983 2958 Claudio
1001 2905 1238 2968 Neroni-Drusilla
1249 2909 1322 2966 nato,

246 2983 365 3052 privigno
375 2999 424 3036 suo
425 2984 592 3054 ,despondit·
611 3001 671 3054 quae
683 2983 838 3050 conjunctio
847 2983 1069 3037 necessitudinem
1079 2998 1170 3035 eornm
1180 2982 1321 3049 morith-

247 3061 424 3114 mllieritatern
436 3061 551 3114 reddidit
561 3063 774 3131 frequentiorem.

283 3141 353 3216 XX
371 3139 501 3206 Quamvis
518 3144 580 3194 ante
597 3140 655 3194 hoec
674 3139 816 3210 sponsalia,
834 3153 888 3190 non
906 3137 991 3191 solum
1008 3153 1069 3189 cnm
1082 3136 1116 3189 ab
1126 3137 1192 3190 urbe
1206 3137 1321 3201 abesset,

247 3211 384 3284 nunquam
397 3217 430 3269 ad
443 3233 552 3270 suorum
562 3233 724 3287 quemqnam
735 3219 836 3270 litteras
849 3217 929 3281 misit,
942 3215 1008 3284 quin
1020 3215 1111 3267 Attico
1119 3215 1337 3290 mitteretque

249 3295 357 3360 agerel'
350 3309 377 3346 ιιι
390 3294 487 3362 primis,
499 3295 564 3363 quid
574 3297 681 3362 legeret,
691 3293 858 3364 quibusqne'
850 3308 878 3345 ιιι
889 3294 962 3358 locis,
969 3297 998 3344 et
1007 3307 1089 3360 quarn
1100 3293 1147 3345 diu
1157 3296 1227 3345 esset
1235 3310 1321 3347 mora-

249 3375 337 3422 turus.
355 3370 402 3423 sed
415 3375 452 3434 el,
469 3387 531 3424 oum
550 3373 645 3424 esset'
637 3389 665 3425 ιιι
682 3373 756 3434 urbe,
774 3379 802 3422 ct
818 3375 925 3439 propter
935 3385 997 3422 snas
1007 3370 1122 3422 indultas
1133 3372 1322 3439 occupan'ones

249 3448 338 3501 ιιιὶιιιιι
347 3462 427 3515 saepc,
439 3441 519 3517 quarn
531 3449 618 3512 vellet,
628 3450 721 3502 Attico
731 3450 867 3512 imeretur,
883 3448 972 3501 nullus
983 3447 1040 3499 dies
1056 3449 1155 3499 temere
1166 3448 1322 3514 intercessit,

248 3541 304 3594 qno
316 3541 368 3578 non
378 3525 411 3576 ad
422 3537 484 3576 curn
495 3525 635 3578 scriberet:
653 3541 715 3578 oum
726 3529 806 3578 ruodo
818 3525 918 3594 aliquid
930 3529 964 3578 de
977 3525 1134 3592 antiquitate
1145 3527 1179 3578 ab
1191 3543 1225 3579 eo
1233 3528 1322 3596 requi·
1422 3539 1427 3553 ·

248 3607 333 3656 reret:
351 3603 431 3655 modo
443 3603 559 3671 aliquem
569 3605 745 3671 quaestiouern
757 3604 889 3672 poeticam
907 3603 931 3655 ci
949 3607 1120 3671 proponeret:
1138 3603 1323 3670 interdumjo-
1418 3659 1421 3665 ,

247 3697 316 3734 oens
324 3680 383 3746 ejus
392 3681 552 3733 verbosiores
563 3680 670 3733 eliceret
678 3682 811 3748 epistolas.
845 3681 890 3734 Ex
902 3697 955 3750 qno
973 3681 1079 3745 accidit,
1093 3698 1156 3734 cum
1166 3683 1237 3734 tedes
1247 3681 1323 3734 toris

250 3761 361 3814 Feretrii
373 3761 400 3812 in
412 3759 544 3828 Capitolio
551 3757 585 3810 ab
594 3759 710 3812 Romulo
715 3761 869 3824 constituta,
879 3764 1011 3812 retusute
1018 3764 1098 3828 atque
1105 3761 1207 3813 incuria
1217 3761 1324 3811 detecta

250 3839 439 3908 prolaberetur,
448 3843 478 3891 ut
489 3837 574 3890 Attici
586 3837 723 3890 admonitu
732 3837 824 3891 Caesar
834 3853 893 3891 earn
905 3838 1073 3891 reficiendam
1086 3843 1198 3891 curaret.
1227 3837 1323 3904 Neque

251 3933 340 3971 veroa
352 3917 393 3970 M.
403 3916 521 3970 Antonio
533 3917 621 3969 minus
634 3916 731 3968 absens
749 3915 842 3969 litteris
853 3916 1008 3979 colebatur;
1025 3917 1092 3969 adeo
1102 3922 1134 3968 ut
1145 3921 1268 3968 accurate
1277 3915 1323 3967 ille

251 4011 285 4049 ex
297 3997 396 4049 ultimis
405 3996 480 4048 terris
490 3995 554 4063 quid
566 3999 663 4062 ageret,
671 3993 735 4062 quid
747 4009 820 4047 curre
830 3995 881 4047 sibi
891 3994 1009 4059 haberet,
1020 3995 1158 4047 certiorem
1167 3994 1266 4045 taceret
1273 3994 1324 4045 At-

250 4075 341 4128 ticuur.
369 4075 431 4127 Hoc
441 4074 521 4143 quale
532 4074 573 4136 sit,
585 4073 688 4126 lacilius
698 4072 860 4126 existimabit
870 4073 902 4137 is,
911 4073 957 4142 qui
966 4073 1087 4140 judicare
1098 4071 1202 4140 poterit,
1214 4074 1322 4139 quantas

252 4153 287 4204 sit
297 4152 442 4222 sapientiae,
454 4167 546 4205 eorum
558 4151 669 4204 retinere
678 4165 756 4203 usum
762 4151 1038 4220 benevolentiamque,
1047 4151 1116 4203 inter
1124 4151 1326 4218 quosmaxima·

251 4243 310 4281 rum
321 4243 407 4282 rerunt
419 4245 472 4282 nnn
484 4231 569 4282 solum
581 4229 726 4294 aemulatio,
736 4229 781 4281 sed
791 4229 950 4282 obtrectatio
960 4233 1036 4282 tanta
1044 4226 1226 4281 intersedebat
1226 4243 1324 4296 ,quan-

252 4312 307 4359 tsrn
324 4307 374 4359 luit
390 4306 552 4360 intercedere
570 4323 679 4360 necesse
693 4307 763 4360 inter
773 4305 917 4372 Creaarem,
936 4312 1017 4376 atque
1031 4307 1192 4369 Antonium
1215 4321 1278 4359 cum
1294 4323 1323 4361 se

253 4389 364 4452 uterque
374 4385 520 4454 prinoipem
532 4399 586 4437 non
598 4385 683 4438 solnm
694 4383 768 4438 urbis
780 4385 919 4449 Romanae,
930 4387 977 4439 sed
993 4384 1063 4440 orbis
1074 4390 1200 4446 temeram
1210 4400 1269 4439 esse
1277 4403 1324 4441 cu-

252 4466 333 4533 peret.

287 4539 374 4594 ΧΧΙ.
391 4539 452 4594 Tui
468 4541 548 4596 modo
563 4557 624 4595 curn
636 4544 738 4612 septem
749 4541 778 4593 et
788 4541 958 4611 septuaginta
967 4555 1051 4594 annos
1068 4540 1232 4612 complesset,
1243 4547 1324 4623 atque

252 4633 317 4675 uon.
331 4633 361 4674 rr.
768 4621 814 4672 2⁰
