3225 5175
308 344 331 391 x
672 259 1014 384 PnAEu‘A'flu.

310 481 393 560 brie,
421 475 478 544 ubi
500 475 674 542 necessitas
695 473 803 564 jubet.
849 473 931 540 Non
955 475 1041 541 enim
1067 475 1185 540 norum
1209 475 1385 542 cmuctudc

310 589 442 679 torpori
456 587 529 675 plus
544 586 656 669 officit,
670 608 769 674 quam
788 586 923 673 iugenio
938 607 1015 650 usus
1028 583 1161 651 illorum
1175 585 1387 673 inqucntior.

354 701 420 768 His
432 709 541 765 autem
556 697 721 764 sexdecim
732 696 837 778 libris,
847 698 908 784 qui
918 695 1156 762 hocvclumine
1167 697 1388 778 eontinentur,

312 811 436 880 nullam
452 811 551 874 fuisse
561 807 637 872 olim
652 795 855 873 c'cmmunom
867 806 1113 893 inscriptione·
1123 805 1304 894 colligebat
1312 805 1389 872 Vic·
1453 831 1461 842 ·

312 922 418 988 torius
438 944 480 985 ex
497 929 642 985 veterum
666 917 964 986 Grammaticorum
978 917 1133 985 instituto
1145 939 1185 982 ac
1197 939 1308 984 more:
1331 919 1390 1007 qui

312 1055 385 1100 cum
405 1031 479 1097 loca
496 1028 644 1117 quasdam
668 1029 744 1094 hine
765 1027 973 1114 depromunt,
994 1027 1116 1095 librum
1137 1051 1301 1119 quemque
1322 1049 1388 1095 noa

313 1142 412 1208 aliter
426 1140 609 1227 designant,
626 1159 726 1226 quam
738 1141 811 1227 ejus
824 1139 967 1220 numine,
981 1137 1134 1225 adquam
1158 1141 1263 1228 prima
1277 1139 1390 1205 scribi·

313 1262 369 1320 tur
379 1250 529 1341 epistola.
553 1251 628 1318 Hoc
643 1250 706 1315 etsi
721 1247 883 1315 reducere
890 1248 1011 1336 satagit
1021 1247 1078 1314 ille
1092 1249 1209 1318 salutis
1222 1249 1389 1318 Tadiana

312 1362 495 1445 restitutor,
511 1359 751 1426 incommodum
765 1368 839 1425 erat
857 1359 948 1443 catis,
970 1366 1007 1424 ut
1028 1358 1165 1426 moleste
1183 1383 1282 1428 nemo
1302 1363 1389 1428 serra

266 1489 278 1505 ⁶
312 1474 441 1556 debeat,
457 1494 528 1536 esse
544 1477 713 1536 mutatum.
757 1469 892 1538 Criticia
906 1469 998 1535 dolet
1013 1479 1172 1538 mutatum
1188 1495 1258 1538 csse
1271 1493 1387 1560 parum

312 1583 465 1652 feliciter.
510 1580 666 1662 Quaedanr
692 1580 855 1647 editiones
868 1579 1003 1647 titulum
1025 1583 1215 1670 preferant,
1233 1582 1390 1674 Epistola

313 1693 520 1763 Furnilicresr
542 1691 628 1774 alioe,
645 1691 800 1780 Epittcloe
813 1695 857 1757 cd
870 1693 1066 1759 Farniticres.
1089 1693 1223 1760 Ateuim
1238 1714 1346 1779 neque
1355 1691 1391 1756 in

311 1805 479 1895 plerisque
490 1805 575 1870 inest
585 1827 622 1868 ea
634 1805 747 1888 forma,
759 1812 793 1869 et
807 1803 962 1890 proprius
976 1805 1147 1886 character,
1160 1803 1219 1892 qui
1228 1802 1390 1870 familiare

313 1936 420 2007 genus
431 1917 645 2006 epistolarum
666 1914 824 1982 disceruit
845 1935 866 1978 a
885 1913 1039 1980 carterius
1063 1899 1170 2002 neque
1185 1913 1319 2002 plurimi
1334 1935 1390 1980 ec·

311 2051 396 2112 rum,
409 2028 452 2093 ad
464 2049 546 2116 quoa
561 2037 637 2092 sunt
651 2025 766 2106 missae,
779 2023 950 2091 Ciceronis
964 2037 1059 2091 eraut
1074 2024 1260 2091 familiares.
1284 2023 1390 2112 Prop-

311 2149 404 2207 screa
417 2137 585 2204 nonnullis
597 2136 834 2212 recentioribus
845 2134 971 2222 placuit
982 2136 1164 2224 inscriptio,
1177 2137 1235 2204 Aa
1241 2139 1389 2204 doceor.

310 2251 393 2332 Quae
409 2251 525 2317 melius
537 2250 674 2315 fortasse
688 2248 854 2315 convenit.
877 2247 1004 2314 Verum
1018 2245 1054 2312 id
1066 2246 1165 2314 libuit
1177 2248 1283 2336 sequi,
1299 2247 1388 2335 quod

309 2373 383 2432 erat
396 2362 430 2429 in
444 2359 598 2449 exemplo
612 2358 827 2441 Gruteriauc,
842 2364 878 2422 et
890 2356 1012 2422 offendi
1024 2359 1127 2446 magis
1139 2359 1304 2424 usitatum.

350 2473 406 2540 Ad
419 2483 613 2549 extremum,
628 2491 670 2534 ne
689 2469 769 2556 quid
784 2467 1044 2555 pretermittam,
1066 2465 1157 2553 quod
1176 2467 1293 2531 lectori
1316 2489 1388 2534 esse

264 2623 269 2642 ι
309 2583 510 2651 declaratum
532 2586 706 2666 oporteat:
730 2577 771 2642 de
793 2575 865 2655 illa,
884 2565 985 2663 'quam
1008 2575 1153 2661 promisi,
1178 2582 1214 2639 et
1238 2575 1389 2663 proxima

310 2693 422 2759 statim
435 2690 555 2776 pagina
569 2686 696 2767 offeret,
713 2684 938 2770 Epistularum
951 2683 1062 2747 anuali
1075 2682 1219 2766 Tabula,
1232 2693 1329 2749 erant
1341 2694 1390 2752 ta·

310 2820 385 2868 meu
399 2797 475 2879 duo,
487 2815 561 2882 quar
574 2792 752 2858 admonere
766 2792 954 2857 debueram.
988 2793 1040 2857 Ac
1054 2792 1319 2880 primoquidem,
1333 2817 1390 2863 eas

310 2910 418 2978 omitti
432 2903 602 2995 epistolas,
616 2902 656 2969 de
672 2922 912 2991 quarumanuo
924 2901 1014 2990 quod
1023 2902 1232 2989 affirmarent,
1241 2904 1297 2973 rel
1306 2907 1392 2971 aric-

308 3022 471 3102 lareutur,
489 3016 553 3081 riri
575 3014 664 3080 ducti
685 3034 751 3080 non
766 3012 965 3079 habuerunt.
1010 3012 1153 3096 Deinde,
1176 3014 1210 3078 in
1232 3016 1388 3102 putandis

310 3128 405 3201 annis
418 3129 454 3196 id
475 3148 526 3193 me
548 3124 734 3208 retinuisse,
748 3121 838 3211 quod
853 3122 1048 3189 Franciscus
1064 3122 1235 3189 Fabricius
1248 3125 1282 3191 in
1299 3124 1388 3193 Cice·

307 3244 395 3313 ronis
416 3240 566 3311 Historia
582 3258 644 3325 per
669 3233 820 3301 Consules
845 3235 1000 3319 descripto
1023 3232 1250 3300 constituerat.
1292 3234 1385 3321 Non,

311 3352 401 3445 quud
414 3353 498 3419 hanc
519 3371 582 3438 ego
603 3346 763 3413 rationem
777 3344 987 3411 Varroniano
999 3344 1161 3410 acriorem
1184 3367 1256 3412 case
1275 3347 1393 3414 existi·

310 3486 418 3531 ruem:
442 3482 550 3550 nsque
565 3458 651 3524 enim
666 3456 701 3522 id
717 3477 824 3522 meum
839 3462 901 3538 est,
912 3476 1020 3542 neque
1040 3454 1102 3520 lrcc
1114 3453 1189 3521 luco
1204 3456 1388 3546 disceptan-

311 3576 400 3642 dum.
445 3572 524 3656 Sed,
537 3592 612 3637 cum
625 3544 718 3634 tcu'ui
730 3564 906 3632 admodum
919 3564 1145 3633 discernantur
1159 3567 1277 3653 limite,
1296 3571 1387 3636 stab

311 3687 418 3755 altera
432 3684 552 3753 Cicero
565 3679 607 3746 ad
620 3678 757 3745 alteram
769 3676 926 3743 transisse
939 3674 1118 3765 aliquando
1130 3677 1300 3758 videatur3
1324 3678 1390 3745 dis·

311 3820 349 3865 ce
372 3791 623 3863 creaFabricio
633 3789 737 3873 nolui,
751 3810 793 3854 ne
804 3787 945 3854 lectores
954 3788 1156 3872 conturbem,
1167 3789 1195 3853 si
1206 3789 1264 3878 qui
1275 3788 1391 3855 volent

309 3907 534 3995 (reuocatam
550 3902 671 3968 debent
684 3902 811 3979 omnes)
834 3898 1057 3984 intelligendis
1081 3898 1199 3965 melius
1224 3898 1389 3987 Epistolis
1500 3916 1503 3925 ·

309 4021 422 4087 lumen
435 4017 479 4083 ab
491 4011 562 4103 ejus
577 4012 728 4081 Historia
741 4010 895 4078 mutuari.
1383 4014 1386 4022 ’
