3225 5175
275 360 347 439 802
654 356 1021 421 PRAEFATIONM.

273 516 320 566 tas
338 526 354 565 a
369 509 433 573 sits,
449 522 532 578 quam
547 507 613 577 qaid
631 510 704 561 esset
719 506 815 575 ψοί-
852 512 993 578 Quatnre
1003 502 1155 579 (amem
1166 506 1208 561 est
1219 502 1415 580 ministeriu

271 590 434 653 ementita
450 588 548 651 dicam,
561 591 657 656 posset.
694 586 767 653 Ergo
781 589 815 641 ut
851 604 927 644 mum
947 588 1021 657 apud
1040 601 1086 640 mc
1103 587 1198 653 satuit,
1221 584 1323 641 eximia
1339 603 1396 658 spe,

267 668 331 722 ‘haec
339 664 813 735 rursumabjiceremacdamnarem,
850 682 1019 737 summaeque
1040 664 1145 719 virtutis
1167 666 1326 720 adolescens
1347 668 1397 720 st-

271 762 333 799 cnm
354 746 481 798 acerbum
505 744 620 797 hominis
640 743 733 809 tanim,
753 746 813 796 tum
850 746 942 799 tonsus
957 743 1232 797 cardinatisCarata:
1250 758 1395 814 quemego
1455 770 1458 775 ·

271 826 416 877 consecuta
425 828 515 877 nostra
523 827 652 892 tempora,
660 822 758 891 quibus
767 838 814 875 us-
850 840 912 877 oum
924 823 1072 891 adreiiqua
1080 822 1171 875 studia
1181 822 1394 891 praeclarissima,

272 919 325 971 que
338 902 405 955 atico
416 903 506 955 vexati
520 902 627 964 suimus,
638 901 684 954 rix
703 906 733 953 ut
750 916 813 953 con·
848 902 952 955 tumaci
964 900 1071 954 dicendi
1081 900 1193 969 gloriam
1203 902 1394 955 itaincitatunt

270 982 364 1034 sistere
375 981 550 1047 potuerimus,
562 980 714 1033 effecerunt.
849 980 922 1044 ridi;
939 980 979 1031 ita
997 994 1109 1046 magnos
1126 992 1280 1047 progressus
1286 979 1344 1045 jam
1355 979 1395 1033 ie-

305 1058 418 1120 Vernm,
430 1074 484 1127 quo
495 1058 553 1111 irasc
563 1060 653 1110 nostra
664 1060 721 1109 tam
734 1056 814 1124 ionga
850 1056 927 1124 cisso,
939 1061 971 1109 ut
988 1057 1047 1109 aliis
1065 1056 1213 1125 discipiiuis
1227 1058 1328 1109 avitum
1345 1072 1395 1110 nc-

271 1140 375 1206 speotat
394 1136 497 1189 oratio?
522 1142 553 1188 ut
614 1136 676 1204 quis
696 1133 763 1187 torte
782 1135 811 1185 in
849 1138 1080 1203 menaequatnrus
1092 1134 1394 1199 cssevideatur,dicen-

271 1228 385 1283 persona
406 1213 522 1267 hominis
545 1213 700 1279 sacerdotis,
727 1212 814 1265 studi·
850 1214 878 1266 di
886 1214 975 1278 laude,
985 1214 1067 1266 etiam
1076 1218 1259 1281 superaturus.
1278 1212 1317 1266 Et
1326 1228 1391 1266 sanc

269 1304 317 1345 um
329 1291 490 1359 hujusmodi,
509 1292 581 1360 quod
599 1290 708 1360 quidam
726 1290 812 1359 prota-
849 1295 922 1364 apnd
935 1310 988 1358 me,
998 1297 1032 1346 eo
1048 1294 1130 1347 etiam
1148 1293 1232 1363 pluris
1248 1311 1307 1347 esse
1323 1294 1394 1348 iilius

270 1386 336 1424 num
358 1371 446 1423 soient
463 1370 607 1439 appetiere,
624 1367 811 1437 reprehendat,
849 1373 997 1426 auctoritas
1006 1372 1109 1435 debuit,
1121 1372 1195 1441 qnod
1204 1378 1261 1425 tota
1272 1373 1346 1426 natio
1355 1372 1393 1425 t's-

269 1450 334 1505 iruic
357 1464 406 1502 nos
426 1449 494 1501 duos
514 1447 750 1516 praestantissimos
770 1462 812 1499 ss·
849 1451 976 1521 miiiaquc
988 1450 1126 1514 nostrnin
1141 1450 1202 1520 ejus
1220 1450 1274 1503 tide
1286 1450 1394 1518 jamdiu

270 1525 811 1594 crorum,relisi⁰ni⁸‚cer0m⁰ssi¹rssmq¹¹0
839 1530 1027 1605 ¹clienteiaquc
1046 1530 1096 1584 sit:
1115 1536 1147 1581 ut
1167 1542 1216 1581 suo
1235 1529 1317 1581 etiam
1332 1530 1394 1596 jure

269 1606 411 1667 antistites,
434 1620 547 1673 quorum
571 1604 605 1657 de
628 1604 761 1656 sententia
783 1608 812 1655 et
848 1608 1101 1677 quodammodo‚ut
1116 1613 1243 1677 patronus
1260 1608 1393 1677 imperare

270 1684 431 1738 auctoritato
442 1698 498 1736 rem
508 1683 683 1751 suscepimus,
693 1698 812 1751 oppone·
848 1686 973 1755 potnerit
1010 1685 1035 1738 ii
1048 1701 1111 1753 ergo
1122 1690 1244 1738 auctores
1255 1685 1321 1737 mihi
1333 1682 1395 1738 stre·

268 1778 376 1817 remus:
395 1761 493 1831 quibus
508 1762 617 1814 omuino
635 1761 748 1830 impium
760 1760 811 1813 tuit
847 1768 920 1828 runt,
941 1769 972 1817 ut
991 1763 1051 1816 haec
1071 1762 1266 1817 omitteremus:
1293 1762 1391 1831 quibua

269 1840 421 1894 hominibus
440 1840 615 1892 sanctissimis
633 1854 687 1893 nen
707 1838 811 1891 obtem·
847 1840 939 1895 haberi
957 1842 1071 1911 gratiam
1092 1842 1224 1903 volamus,
1243 1841 1265 1894 si
1283 1838 1334 1894 hcc
1351 1840 1393 1892 in-

252 1932 361 1989 *perure
370 1921 398 1971 et
406 1918 526 1987 obsequi.
546 1917 717 1987 Quanquam,
727 1917 748 1969 si
758 1916 810 1970 troc
846 1920 979 1974 industria
999 1926 1089 1973 nostra
1108 1920 1223 1973 assecuti
1240 1935 1341 1985 sumus,
1359 1924 1393 1973 ut

270 1996 380 2067 quidem
391 1996 457 2049 vitio
466 1996 553 2061 datur,
562 1997 690 2064 eripiatur
698 2012 714 2049 e
723 2010 811 2049 sacer-
847 2014 882 2051 ex
893 2002 969 2068 parte
982 1999 1083 2067 aliqua,
1092 1997 1181 2051 studia
1189 1995 1339 2064 juventutis
1347 1996 1392 2065 ju·

269 2078 362 2130 dotum
375 2074 499 2129 manibus
512 2076 552 2127 vei
566 2076 723 2128 Aristoteles
733 2075 809 2143 ipset
846 2080 1012 2131 voverimus:
1031 2078 1072 2129 rin
1084 2078 1182 2143 minus,
1193 2078 1294 2145 ignosci
1301 2080 1394 2130 tamen

270 2156 413 2223 abjiciatur
429 2155 472 2208 uei
496 2154 589 2209 Pisto:
608 2170 721 2222 quorum
744 2168 811 2207 neu·
847 2156 968 2209 facilitati
979 2172 1057 2221 mem,
1072 2157 1118 2225 qni
1130 2156 1216 2208 officio
1227 2154 1350 2219 monitus,
1362 2156 1394 2209 ii·
1488 2180 1494 2190 ·

268 2242 316 2301 ter,
329 2235 449 2287 omnium
460 2232 591 2286 bonorum
603 2233 745 2297 sententia,
757 2247 809 2286 nec
846 2235 933 2288 iorum
949 2235 1060 2303 obsequi
1086 2234 1220 2287 voluntati
1244 2236 1393 2298 metuerim,

270 2313 380 2381 scriptor
398 2312 501 2379 gravior
518 2316 567 2365 aut
577 2312 738 2379 religiosior:
757 2328 810 2365 neo
847 2330 928 2383 quam
951 2312 1143 2366 existimationi
1166 2328 1245 2366 mem.
1281 2314 1331 2367 Me
1352 2318 1393 2366 ts-

270 2392 336 2447 ciris
347 2392 482 2459 integrior,
494 2390 711 2455 arrthonestatis,
723 2396 811 2459 temp-
847 2408 909 2445 men
933 2408 975 2445 ros
995 2408 1050 2444 una
1071 2390 1120 2445 iila
1140 2392 1304 2455 consoiatur,
1321 2392 1393 2462 quod

269 2470 392 2535 'crantirq
407 2470 529 2536 justitiae,
541 2469 752 2538 constantiaeque
768 2486 811 2523 re-
847 2471 939 2523 muitis
951 2485 1024 2540 saepc
1036 2470 1201 2537 argumentis
1218 2470 1311 2535 didici,
1321 2470 1396 2539 pan‘a

269 2550 405 2604 tinentior.
425 2548 525 2604 Divum
534 2553 606 2603 certe
617 2548 811 2617 Augusteum,
846 2548 874 2603 in
887 2547 928 2602 his
941 2552 1078 2601 momenta
1084 2552 1112 2600 et
1128 2548 1290 2617 integritatis
1302 2550 1396 2616 animi,

269 2629 429 2683 Christiana·
453 2629 517 2698 reip.
546 2629 680 2692 columen,
701 2628 811 2696 insigni·
848 2630 877 2680 et
893 2625 989 2693 judicii
1007 2627 1130 2695 reperiri:
1154 2633 1186 2679 ut
1203 2643 1254 2680 nec
1273 2628 1349 2680 aliter
1359 2645 1392 2682 ae

270 2725 323 2779 que
344 2709 466 2761 doctrina
486 2713 514 2762 et
536 2709 635 2776 pictate
657 2709 811 2776 praeditum,
849 2705 966 2758 sentiant
978 2705 1060 2774 toqui,
1076 2719 1127 2757 neo
1143 2706 1241 2758 sentire
1254 2706 1304 2758 nisi
1319 2721 1394 2773 egre-

270 2803 324 2840 non
336 2787 433 2857 puduit
444 2786 529 2850 fateri,
540 2790 568 2839 et
585 2787 732 2839 tittercmm
745 2803 812 2857 quo·
848 2784 933 2852 gicsm
946 2783 1234 2852 sapientespetuerint
1251 2785 1391 2852 Atpropc
1452 2802 1456 2816 ·

271 2883 325 2936 quc
336 2865 516 2918 monumentis
532 2867 660 2917 testatum
679 2865 813 2933 relinque·
848 2866 898 2924 est,
909 2861 984 2914 dicat
993 2862 1099 2930 aliquis,
1110 2865 1142 2913 ut
1151 2877 1210 2913 eam
1223 2860 1271 2912 tibi
1282 2861 1391 2916 taudem

272 2959 309 3008 re,
321 2961 357 3006 sc,
373 2943 421 2995 viri
439 2941 521 3009 hujus
539 2943 663 3006 tectione,
682 2943 811 3014 principio
848 2941 959 3004 tribuas,
979 2955 1060 3008 quam
1083 2941 1173 2992 nescio
1192 2955 1227 2990 an
1250 2939 1391 3009 quisquam

271 3025 388 3074 mentem
412 3021 538 3073 avertisse
560 3037 577 3072 a
595 3021 704 3088 mundo,
726 3027 754 3074 ct
775 3023 810 3076 sd
847 3019 961 3072 nemini:
980 3017 1392 3082 ntnihilcffcnderinniisittitu·

271 3101 361 3154 neum
372 3098 474 3164 erigere
486 3099 676 3166 sustoiiorcquc
685 3099 810 3166 coepisse.
847 3096 958 3149 baveris.
993 3095 1173 3166 Nequaquam
1196 3110 1275 3150 rem:
1302 3114 1391 3168 neque

271 3179 324 3232 Sed
338 3176 401 3244 quid
414 3176 483 3242 agot
501 3175 585 3238 Quasi
597 3191 650 3227 non
662 3176 721 3228 irsco
731 3177 760 3229 in
772 3177 810 3230 eis
846 3175 919 3228 enim
930 3191 1016 3244 usque
1028 3175 1096 3226 adeo
1107 3175 1228 3228 insanio:
1246 3177 1294 3229 sed
1305 3177 1391 3231 fateor

272 3255 375 3324 culpari
393 3254 503 3316 soleant,
522 3254 568 3322 qui
584 3253 735 3322 posthabita
746 3269 812 3308 cura
846 3265 899 3318 me,
911 3257 943 3305 ut
959 3267 1014 3304 nou
1031 3267 1120 3321 pauca
1137 3259 1211 3306 reete
1228 3255 1392 3325 excogitare,

272 3333 509 3388 sacratissimorum
518 3331 652 3398 librorum,
662 3331 689 3386 iu
703 3333 743 3385 iris
753 3349 811 3386 ver·
845 3331 884 3383 ita
900 3346 954 3383 non
971 3345 1028 3382 raro
1040 3330 1131 3394 otiam,
1142 3336 1175 3384 nt
1185 3331 1237 3384 tert
1253 3333 1393 3389 hominum

271 3418 363 3469 rentur
381 3411 567 3464 tantummodo
584 3417 611 3464 et
629 3413 808 3482 acquiescant.
845 3413 950 3472 natura,
968 3408 997 3461 in
1015 3423 1111 3461 saxum
1128 3413 1160 3462 ut
1177 3410 1279 3464 dicitur
1297 3413 1394 3483 impin·

272 3491 353 3560 Quod
373 3489 499 3558 equidem
521 3504 571 3558 ego
590 3505 638 3558 pro
657 3491 718 3543 sitm
739 3505 808 3544 mem
845 3499 917 3556 gere,
928 3491 957 3539 et
967 3487 1166 3540 existimatione
1184 3488 1242 3542 tatii
1261 3493 1394 3558 potuisse:

268 3571 380 3632 ratione,
392 3583 426 3619 ne
440 3566 506 3620 mihi
516 3573 608 3636 posset
620 3567 710 3635 objici,
728 3569 808 3622 etiam
846 3566 894 3618 sed
909 3570 1001 3618 umen
1017 3565 1064 3617 iiia
1077 3567 1146 3634 ipsa,
1167 3583 1230 3636 quas
1246 3575 1320 3622 recte
1338 3569 1392 3624 dici

270 3645 444 3718 atquectiam
456 3645 523 3698 cavi.
558 3645 811 3717 Namnetumqui-
846 3645 1006 3708 viderentur,
1023 3643 1093 3695 sirm
1110 3644 1170 3697 ilios
1189 3647 1218 3698 in
1238 3663 1298 3699 eam
1316 3661 1391 3700 mes-

270 3728 341 3792 dem,
353 3739 417 3777 cum
429 3722 490 3776 huic
501 3725 548 3776 uni
563 3725 602 3777 rei
620 3727 739 3782 maxime
754 3733 808 3780 stu·
846 3727 901 3775 tem
916 3723 1063 3787 induxisse,
1082 3727 1114 3775 ut
1131 3737 1176 3776 mo
1192 3723 1226 3777 ad
1243 3724 1389 3778 editionem

270 3807 371 3870 desem,
382 3803 453 3856 diem
465 3805 496 3854 ut
506 3803 668 3870 praeterirem
680 3807 809 3873 commisi,
846 3800 1021 3854 hortarentur.
1045 3825 1049 3834 ·

270 3885 328 3938 sine
336 3883 418 3936 linea:
431 3881 495 3950 quin
505 3879 577 3934 idom
586 3883 651 3936 mihi
662 3883 720 3936 dics
728 3885 810 3938 tinem
881 3879 952 3932 Satis
958 3877 1019 3944 ‘jam
1030 3877 1095 3931 mitri
1106 3879 1205 3943 videor,
1216 3893 1326 3932 oausam
1337 3879 1388 3932 tibi

270 3979 339 4033 pene
351 3959 442 4014 attuiit
452 3974 544 4012 eorum
556 3961 713 4025 studiorum,
726 3961 811 4030 quiet
847 3972 935 4008 meam
945 3957 1082 4024 probasse,
1095 3957 1196 4010 Lector
1206 3957 1330 4020 candide,
1340 3959 1390 4013 m-

268 4043 332 4096 rin's
341 4041 395 4093 iilis
404 4038 476 4092 vitm.
495 4037 592 4107 ltaque
598 4040 742 4104 jacuerunt
751 4039 810 4092 haec
846 4049 940 4086 versus
950 4051 1006 4095 cos,
1021 4035 1069 4103 qui
1084 4035 1112 4088 in
1125 4050 1185 4087 mea
1196 4049 1315 4103 persona,
1329 4036 1390 4090 iraee

269 4121 332 4174 dein
343 4119 372 4172 in
383 4116 510 4182 tenebris,
528 4121 557 4168 et
570 4116 693 4183 jacerent
711 4117 809 4181 adhue,
847 4113 937 4165 studia
955 4127 1008 4164 non
1029 4114 1129 4166 ierant:
1153 4116 1236 4165 restat
1256 4119 1289 4165 ut
1308 4115 1390 4170 tidem

269 4195 458 4268 (nequeenim
479 4209 530 4262 ego
552 4209 585 4246 ea
604 4194 718 4247 muitum
738 4211 811 4248 ama·
847 4205 988 4259 moresque
1001 4207 1075 4243 meos
1086 4190 1204 4259 probem.
1233 4191 1304 4243 Sunt
1315 4194 1389 4248 enim

270 4275 345 4340 bam)
355 4274 404 4326 nisi
417 4272 572 4335 amicorum,
580 4287 649 4341 quos
658 4272 811 4338 complures
847 4268 893 4336 qui
907 4269 1092 4322 emendatores
1103 4270 1131 4322 in
1143 4268 1214 4321 hanc
1224 4270 1391 4327 cuumnian

269 4352 357 4404 liabeo
367 4351 568 4414 ensditissimos‚
581 4365 635 4402 non
647 4350 812 4404 modovoci:
846 4351 952 4414 vocent,
969 4355 1002 4401 ut
1015 4363 1062 4400 00⁸
1077 4347 1178 4411 dicant,
1195 4363 1251 4417 quo
1267 4351 1324 4403 suis
1335 4351 1392 4420 cpi·

270 4430 330 4494 bus,
346 4430 394 4481 sed
412 4426 611 4498 quodammodo
627 4429 708 4480 otiam
719 4432 811 4484 consi·
846 4425 971 4479 Bionibm
981 4425 1061 4479 fidem
1068 4424 1176 4488 “0¹⁸⁰ss
1188 4425 1256 4480 ΝΜ)
1265 4443 1391 4482 nonium·

271 4504 328 4568 ciis,
339 4506 367 4556 in
379 4510 517 4572 aspectum
537 4507 680 4575 lucemque
698 4514 811 4562 crocata
847 4517 927 4571 quum
953 4508 1063 4556 vetusta
1083 4505 1390 4581 exemptamtaucare,

269 4581 391 4649 tuissent,
408 4586 436 4634 et
454 4583 530 4651 quasi
548 4585 581 4637 ab
595 4585 667 4639 orco
679 4585 807 4642 excitata.
847 4581 1106 4638 contentosoontusa
1117 4584 1343 4659 atqueqcrmistc
1349 4586 1390 4640 di-
