3225 5175
300 368 374 438 294
678 343 1031 421 remearlosss.

297 512 366 564 iscis
381 524 469 569 mum,
480 510 552 578 quod
562 508 592 561 ln
603 507 694 577 primis
704 511 830 577 egoople
864 507 980 575 bonique
989 505 1173 567 fs‘cisr‘ll3’rrec
1188 510 1296 559 cessem
1306 506 1366 573 ipsi,
1376 506 1401 558 si

298 596 326 641 el
334 589 418 641 officio
430 587 560 654 lsmaeque
572 601 639 640 mem
650 590 831 653 opporlrumm
865 586 955 653 eliqua
965 584 1067 637 salione
1080 583 1182 636 efficere
1190 582 1300 655 possins,
1308 584 1401 637 adsoc-

298 666 462 733 essejudico.
497 666 550 735 Sed
568 664 602 717 de
618 664 670 716 boc
687 664 766 716 nimis
781 664 832 717 ior-
865 678 928 715 rere
953 677 1049 715 mus
1075 661 1138 715 lmic
1155 663 1293 715 ussisse
1310 664 1400 731 operi:

297 744 477 799 benemerita:
495 758 576 810 quere
585 739 714 795 desinam.
744 742 833 808 Roga-
866 742 1013 794 mmmodo
1029 741 1057 792 io
1072 756 1106 792 eo
1119 742 1401 811 castemodereseqse

296 822 444 873 boloniam
453 820 566 889 cupidos
574 820 721 872 liberalium
730 820 832 872 clodio·
867 826 1009 887 segetem

297 914 366 961 rem,
385 906 415 951 ιιῑ
430 898 545 951 leborem
564 896 737 950 bunonem
760 897 832 966 sequi
901 894 1221 961 florentianummr.

501 1234 757 1290 SEBASTIANUS
787 1232 991 1288 colemus
1020 1234 1198 1289 LECTORI.

334 1375 458 1443 Quinque
466 1373 604 1442 jamprope
615 1375 678 1425 sont
686 1372 757 1435 enci,
769 1388 832 1424 cum
866 1371 1126 1442 roesbsltersxoalae
1131 1375 1242 1425 centum
1250 1371 1402 1439 septuagin-

299 1470 350 1522 ego
362 1452 483 1506 Veneliis
502 1466 564 1504 oum
579 1452 712 1518 sylvestro
723 1449 832 1503 Mauro-
866 1451 1038 1503 &summan
1047 1450 1264 1504 contesmsloit:
1282 1450 1401 1518 elqoeirr

299 1548 373 1586 ceno
389 1532 502 1585 loannis
514 1530 545 1583 F.
557 1530 621 1591 viro,
635 1544 714 1597 quem
728 1543 833 1596 semper
866 1540 901 1576 eo
914 1540 994 1593 opere
1007 1528 1200 1581 decimodois
1211 1531 1254 1579 eet
1264 1526 1345 1591 labor,
1356 1526 1403 1578 cui

299 1606 832 1669 bonomcsussoominabopmvivebam,
866 1603 1402 1672 sanquemexbaosliselisesmioqrril

298 1694 332 1748 pl
351 1686 415 1747 nihil
432 1686 494 1740 mibi
511 1684 646 1753 nequead
663 1684 744 1736 enimi
761 1688 833 1735 trae-
868 1682 1033 1745 Poemmihi
1043 1700 1153 1738 necesse
1164 1684 1214 1738 leil
1228 1684 1301 1736 bisce
1315 1684 1401 1735 tribus

299 1764 466 1835 quillilelem,
478 1778 565 1831 neqoc
579 1762 613 1813 ad
633 1762 717 1813 orium
738 1761 832 1813 deesse
868 1761 945 1812 sonis
962 1776 1016 1813 noo
1033 1778 1067 1815 ee
1084 1764 1174 1830 modo,
1196 1778 1259 1832 qum
1278 1761 1402 1814 Veoeliis

299 1844 441 1895 videretur.
465 1841 499 1893 ld
508 1840 625 1893 oliicum
632 1856 683 1907 ego
692 1841 720 1893 in
731 1840 833 1893 Grecis
867 1839 1030 1907 scripsersm,
1046 1843 1144 1895 iterum
1163 1842 1260 1909 legere,
1279 1842 1325 1893 sed
1348 1840 1402 1892 slis

298 1920 525 1985 litterismejorcm
533 1924 635 1986 partem
641 1932 832 1981 consumerem,
868 1918 950 1969 elism
960 1919 1067 1985 addere,
1082 1922 1167 1973 malle
1181 1918 1354 1981 comminisci,
1373 1922 1402 1972 et

300 1999 392 2065 etism
405 2003 462 2051 lum
479 1996 605 2065 deinceps
616 1997 644 2048 in
660 2004 734 2049 secra
749 1990 834 2063 pbilo-
867 1995 935 2048 nibil
949 2010 1003 2049 non
1020 1997 1129 2052 leodem
1145 2004 1298 2060 leniorem
1318 2012 1400 2067 qoem

299 2078 393 2147 sophis
399 2090 554 2129 consumere
560 2076 764 2136 constituissem,
769 2070 833 2126 edo-
868 2075 1084 2141 expectationem
1097 2078 1151 2131 mei
1162 2076 1233 2145 epod
1244 2076 1317 2127 cires
1328 2088 1401 2126 meos

299 2157 429 2210 loscenles
448 2168 502 2207 uon
521 2155 600 2221 pauci
622 2152 785 2215 nobilissimi,
804 2157 833 2204 el
869 2150 965 2205 ebseos
983 2154 1187 2217 concluseram,
1206 2170 1266 2207 eam
1286 2166 1402 2222 presens

298 2315 365 2365 tium
375 2317 565 2381 praeceptorem
574 2310 649 2363 illum
658 2314 834 2363 noslrumno-
869 2309 972 2375 quidio
984 2326 1017 2363 es
1030 2326 1060 2363 re
1079 2311 1128 2365 sim
1144 2315 1318 2374 consecutum
1333 2310 1402 2362 illud

298 2390 418 2450 nessei
430 2390 609 2454 Quaesturam.
624 2391 653 2441 et
671 2388 833 2459 τὶσχέιιιίιι
869 2388 941 2453 dico,
961 2388 1002 2441 m
1014 2386 1161 2443 Antonium
1185 2390 1354 2463 Pleminium,
1373 2393 1403 2440 et

296 2468 431 2537 epislolss,
453 2482 514 2537 quaa
537 2466 676 2520 familiares
697 2468 832 2531 dicuntur,
869 2465 1018 2520 Romulum
1032 2467 1402 2536 Amasaecmeimsoptimes,

297 2552 390 2602 sorba
406 2552 463 2600 mm
478 2546 592 2614 primum
610 2546 743 2616 descripte
762 2547 834 2614 lege-
868 2544 1403 2617 elbominesdoclissimomibiquemm·

294 2629 391 2691 rauba
403 2639 446 2678 me
457 2641 518 2678 com
530 2641 577 2692 per
587 2641 624 2688 se,
635 2631 692 2678 mm
706 2641 753 2694 per
768 2625 834 2677 smi—
869 2639 914 2676 ma
925 2625 1109 2678 benevolentis
1118 2626 1286 2693 conjunctos,
1303 2626 1402 2694 superi·

295 2717 506 2758 ocsecmmsnes
513 2717 679 2770 summopere
686 2702 834 2756 contende·
868 2703 957 2754 olibes
968 2702 1104 2756 messibus
1116 2703 1230 2772 ilem'am
1240 2720 1303 2758 com
1315 2707 1402 2760 resis-

296 2787 369 2842 mnl,
380 2785 411 2834 ui
427 2780 478 2833 sibi
496 2779 632 2833 Cicemnis
651 2781 775 2849 epislolss
797 2779 832 2833 ad
865 2781 1102 2841 sent‚Pontidcem
1113 2781 1191 2836 illex.
1202 2785 1330 2844 comilsli,
1337 2785 1402 2838 mibi

285 2861 420 2914 ‘Atticum
440 2858 585 2911 subsecivis
607 2858 693 2926 operis
717 2859 833 2926 explice-
868 2859 1402 2929 suctoresmissmqnamtellsxisssnt

298 2951 362 2989 rem.
389 2935 454 2988 lllos
464 2949 515 3003 ego
526 2935 638 2988 libenter
649 2951 713 2988 serre
722 2936 831 3004 quidem
868 2951 886 2988 e
898 2952 941 2989 me
951 2937 980 2989 io
995 2938 1112 3005 epistolis
1128 2940 1163 2992 sd
1180 2941 1301 2994 Atticum
1320 2943 1403 2995 ister·

274 3085 277 3092 Ι
299 3013 334 3066 sd
349 3013 415 3066 elios
431 3011 589 3079 rejecissem,
601 3012 672 3081 quod
688 3027 756 3065 ones
767 3013 832 3065 mibi
867 3016 1005 3082 prebendis
1018 3018 1161 3085 explicate,
1176 3019 1288 3073 eslorss
1300 3022 1356 3074 dari
1367 3023 1403 3075 si-

298 3090 403 3160 grsrius
413 3088 514 3157 imponi
525 3089 656 3154 videbam,
667 3099 747 3157 quem
755 3091 832 3157 'quod
868 3107 968 3159 serem,
978 3109 1030 3146 nec
1042 3099 1154 3162 peterer,
1163 3102 1293 3165 qusnmm
1304 3115 1363 3152 ase
1372 3099 1402 3151 iu

298 3182 403 3239 possem
415 3168 559 3230 sustinere3
569 3168 615 3220 sed
623 3183 685 3220 cum
694 3173 721 3220 el
728 3169 766 3220 illi
779 3169 833 3221 vel·
868 3186 920 3236 me,
928 3171 1024 3225 librum
1033 3173 1112 3242 longe
1120 3177 1239 3228 omnium
1250 3193 1280 3230 re
1291 3193 1362 3240 vers,
1372 3183 1401 3231 el

299 3247 334 3299 de
345 3245 481 3309 instarent,
493 3260 543 3300 nec
554 3261 605 3314 ego
613 3247 722 3311 soleam,
731 3247 803 3316 quod
815 3263 833 3300 e
868 3250 1014 3303 doctissimi
1030 3252 1162 3321 cujusque
1176 3254 1280 3320 judicio
1295 3258 1401 3310 utilissi-

295 3340 343 3378 me
355 3323 464 3378 honesle
475 3325 582 3392 petitur,
593 3339 698 3392 cepere,
707 3323 832 3379 idsusoe-
868 3343 951 3392 mom,
962 3329 996 3382 de
1012 3330 1136 3384 manibus
1151 3331 1297 3400 bominum,
1305 3352 1401 3400 rerum,

221 3397 242 3477 .'
294 3405 336 3473 pi,
347 3408 383 3464 et,
395 3418 438 3465 ne,
457 3419 518 3472 qum
530 3403 781 3472 inlcrprelecdovel
792 3404 833 3456 in-
867 3423 929 3476 quse
940 3397 1403 3483 incessabignoratlorlequsside-

299 3480 439 3543 venissem,
451 3481 494 3532 vel
506 3481 709 3549 excogitassem,
727 3497 832 3550 prorsus
868 3485 940 3553 posi.
976 3485 1278 3557 Hisepcelsipoleram
1295 3507 1402 3562 rospon-

298 3557 465 3628 perirenl,ea
479 3559 721 3627 scriptismandsei,
734 3575 787 3613 non
799 3575 832 3614 eo
868 3563 945 3616 dere:
962 3566 1017 3617 bra
1037 3570 1123 3634 siesse
1137 3575 1225 3636 μάνης,
1242 3574 1272 3622 el
1288 3585 1337 3623 cm
1355 3588 1403 3624 ros

294 3635 403 3688 medius
412 3635 491 3688 lidius
499 3637 617 3701 consilio,
624 3653 665 3702 ee,
674 3643 705 3690 ot
714 3654 832 3708 unquam
867 3641 929 3694 bovi
946 3644 1067 3709 clitellss,
1084 3661 1148 3700 cum
1163 3656 1280 3702 restrum
1294 3649 1348 3701 boc
1366 3651 1402 3702 sit

300 3717 464 3782 apparerent,
474 3713 520 3765 sed
529 3714 551 3765 si
561 3731 678 3784 usquam
688 3717 753 3769 eliss
764 3717 833 3770 seci-
867 3723 952 3772 cousi
968 3722 1032 3790 quis
1045 3728 1134 3777 nmen
1149 3725 1265 3779 scisbsm
1276 3732 1305 3779 et
1314 3741 1361 3778 eos
1370 3728 1400 3780 is

297 3793 384 3856 derel,
395 3795 426 3844 ut
435 3793 612 3860 essepislolss
622 3794 833 3863 interprelendss
868 3799 926 3852 eliis
934 3801 1015 3853 rebus
1026 3802 1110 3855 mello
1124 3802 1275 3869 majoribus,
1289 3819 1350 3873 quae
1368 3813 1402 3858 ut

298 3871 470 3940 susciperem,
481 3885 515 3922 cs
533 3870 596 3923 mihi
613 3873 662 3924 soli
678 3878 708 3925 ul
726 3875 833 3940 prodes-
868 3893 952 3945 spero,
971 3879 1046 3932 brevi
1064 3883 1400 3951 appetebam-occupatos

293 3957 368 4016 sent,
380 3953 410 4003 ut
425 3953 478 4002 tres
488 3948 544 4015 jem
565 3963 656 4012 annos,
674 3950 771 4018 quibus
786 3967 833 4004 eas
867 3969 934 4018 esse,
943 3961 971 4010 el
980 3957 1008 4010 id
1021 3975 1037 4012 s
1052 3975 1096 4012 me
1111 3961 1189 4028 qussi
1206 3959 1326 4013 debitum
1341 3961 1399 4027 ism

299 4031 424 4099 epislcles
432 4025 510 4096 Regii
519 4027 626 4096 publice
638 4043 697 4080 sum
705 4028 834 4096 interpre·
866 4035 1004 4101 postulari,
1015 4040 1044 4088 el
1058 4051 1127 4104 pene
1135 4037 1255 4104 llsgibsm,
1265 4043 1297 4090 ul
1307 4053 1402 4106 quem·

297 4106 517 4177 istuspmsuere.
554 4104 591 4158 Ut
601 4105 671 4158 enim
681 4105 832 4160 amicissimi
862 4110 1012 4174 admodum
1030 4113 1170 4166 semilisres
1188 4114 1312 4177 olim,ile
1327 4131 1400 4172 nunc

298 4183 833 4246 meiPelrosViclorius,etPaoloeMe·
867 4189 992 4256 epistolas
1019 4191 1053 4244 ed
1076 4191 1197 4244 Atticum
1225 4192 1401 4261 illustrarem:

298 4265 391 4318 nullm
411 4263 459 4316 siri
474 4262 628 4327 doctissimi,
639 4265 667 4314 et
686 4261 721 4314 do
740 4261 833 4315 litteris
867 4281 1035 4337 quaecunque
1042 4269 1173 4321 ineesvel
1185 4270 1348 4340 scripseram,
1357 4277 1401 4329 vel

298 4343 388 4396 lelinis
397 4344 497 4410 oplime
508 4339 602 4403 meriti,
617 4339 760 4408 plurimum
770 4355 833 4408 ope·
868 4360 938 4397 sme
949 4348 1109 4414 excogitate,
1118 4351 1147 4400 et
1156 4347 1191 4401 de
1201 4353 1328 4418 superiori
1340 4355 1400 4407 ines

299 4435 344 4480 rm,
355 4425 384 4471 el
393 4419 474 4472 studii
485 4420 513 4472 in
525 4433 584 4471 esm
596 4433 651 4471 rem
662 4419 832 4483 contulerint,
868 4422 942 4476 dicte
951 4425 1132 4490 meminerem,
1141 4427 1246 4496 collegi,
1254 4436 1283 4483 et
1292 4430 1401 4485 insons

298 4496 832 4565 quialamenneuleriilommlolumopus
866 4515 948 4555 mooe
959 4503 1254 4572 coslulimperesslcre,
1262 4514 1292 4561 ul
1301 4509 1399 4578 aliquid

298 4573 431 4641 esposuit,
437 4574 485 4626 sed
493 4575 559 4628 elles
565 4573 790 4644 castigationibus,
800 4579 833 4628 ut
867 4580 932 4648 opis,
944 4587 1025 4650 alque
1037 4583 1105 4637 adeo
1115 4583 1186 4638 lucis
1194 4584 1286 4640 berem
1301 4589 1400 4656 episto·
