<?xml version="1.0" encoding="UTF-8"?>
<!DOCTYPE html PUBLIC "-//W3C//DTD XHTML 1.0 Transitional//EN"
    "http://www.w3.org/TR/xhtml1/DTD/xhtml1-transitional.dtd">
<html xmlns="http://www.w3.org/1999/xhtml" xml:lang="en" lang="en">
 <head>
  <title>
</title>
<meta http-equiv="Content-Type" content="text/html;charset=utf-8" />
  <meta name='ocr-system' content='tesseract 3.04.00' />
  <meta name='ocr-capabilities' content='ocr_page ocr_carea ocr_par ocr_line ocrx_word'/>
</head>
<body>
  <div class='ocr_page' id='page_1' title='image "./delectuscomment00ernegoog/delectuscomment00ernegoog_0082.png"; bbox 0 0 3225 5175; ppageno 0'>
   <div class='ocr_carea' id='block_1_1' title="bbox 316 328 1157 409">
    <p class='ocr_par' dir='ltr' id='par_1_1' title="bbox 316 328 1157 409">
     <span class='ocr_line' id='line_1_1' title="bbox 316 328 1157 409; baseline -0.002 0"><span class='ocrx_word' id='word_1_1' title='bbox 316 344 363 409; x_wconf 75' lang='lat'><strong>⁷8</strong></span> <span class='ocrx_word' id='word_1_2' title='bbox 472 328 475 333; x_wconf 76' lang='grc'>’</span> <span class='ocrx_word' id='word_1_3' title='bbox 701 346 1042 405; x_wconf 78' lang='lat' dir='ltr'><strong>errorenseorr</strong></span> <span class='ocrx_word' id='word_1_4' title='bbox 1149 390 1157 407; x_wconf 93' lang='lat'><strong>.</strong></span> 
     </span>
    </p>
   </div>
   <div class='ocr_carea' id='block_1_2' title="bbox 314 592 1122 651">
    <p class='ocr_par' dir='ltr' id='par_1_2' title="bbox 314 592 1122 651">
     <span class='ocr_line' id='line_1_2' title="bbox 314 592 1122 651; baseline 0.004 -6"><span class='ocrx_word' id='word_1_5' title='bbox 314 594 347 645; x_wconf 73' lang='lat' dir='ltr'><strong>le</strong></span> <span class='ocrx_word' id='word_1_6' title='bbox 622 592 871 651; x_wconf 31' lang='lat' dir='ltr'><strong>*primiciis</strong></span> <span class='ocrx_word' id='word_1_7' title='bbox 889 592 1077 651; x_wconf 73' lang='lat' dir='ltr'>CICERONI</span> <span class='ocrx_word' id='word_1_8' title='bbox 1095 594 1122 649; x_wconf 80' lang='lat' dir='ltr'><strong>fl.</strong></span> 
     </span>
    </p>
   </div>
   <div class='ocr_carea' id='block_1_3' title="bbox 313 709 1433 1337">
    <p class='ocr_par' dir='ltr' id='par_1_3' title="bbox 313 709 1433 943">
     <span class='ocr_line' id='line_1_3' title="bbox 347 709 1433 787; baseline 0.007 -21"><span class='ocrx_word' id='word_1_9' title='bbox 347 709 425 766; x_wconf 79' lang='lat' dir='ltr'><strong>Ano.</strong></span> <span class='ocrx_word' id='word_1_10' title='bbox 443 710 722 781; x_wconf 82' lang='lat' dir='ltr'><strong>Commemoratasna,</strong></span> <span class='ocrx_word' id='word_1_11' title='bbox 734 716 855 786; x_wconf 83' lang='lat' dir='ltr'><strong>etpatris</strong></span> <span class='ocrx_word' id='word_1_12' title='bbox 890 716 1103 787; x_wconf 75' lang='lat' dir='ltr'><strong>panemiuiaser</strong></span> <span class='ocrx_word' id='word_1_13' title='bbox 1118 730 1183 769; x_wconf 81' lang='lat' dir='ltr'><strong>nam</strong></span> <span class='ocrx_word' id='word_1_14' title='bbox 1196 716 1275 772; x_wconf 79' lang='lat' dir='ltr'><strong>itinn</strong></span> <span class='ocrx_word' id='word_1_15' title='bbox 1283 718 1354 773; x_wconf 84' lang='lat' dir='ltr'><strong>inter</strong></span> <span class='ocrx_word' id='word_1_16' title='bbox 1362 735 1433 774; x_wconf 82' lang='lat' dir='ltr'><strong>mor-</strong></span> 
     </span>
     <span class='ocr_line' id='line_1_4' title="bbox 313 789 1431 859; baseline 0.009 -15"><span class='ocrx_word' id='word_1_17' title='bbox 313 789 440 855; x_wconf 74' lang='lat' dir='ltr'><strong>amicitia,</strong></span> <span class='ocrx_word' id='word_1_18' title='bbox 451 793 536 859; x_wconf 74' lang='lat' dir='ltr'><strong>rogat,</strong></span> <span class='ocrx_word' id='word_1_19' title='bbox 547 794 580 843; x_wconf 89' lang='lat' dir='ltr'><strong>ut</strong></span> <span class='ocrx_word' id='word_1_20' title='bbox 590 807 619 843; x_wconf 88' lang='lat' dir='ltr'><strong>se</strong></span> <span class='ocrx_word' id='word_1_21' title='bbox 631 792 770 849; x_wconf 75' lang='lat' dir='ltr'><strong>absentem</strong></span> <span class='ocrx_word' id='word_1_22' title='bbox 779 798 856 849; x_wconf 90' lang='lat' dir='ltr'><strong>tuea-</strong></span> <span class='ocrx_word' id='word_1_23' title='bbox 890 798 953 849; x_wconf 84' lang='lat' dir='ltr'><strong>tnos</strong></span> <span class='ocrx_word' id='word_1_24' title='bbox 963 799 1080 849; x_wconf 83' lang='lat' dir='ltr'><strong>oratores</strong></span> <span class='ocrx_word' id='word_1_25' title='bbox 1097 794 1192 848; x_wconf 83' lang='lat' dir='ltr'><strong>Gioero</strong></span> <span class='ocrx_word' id='word_1_26' title='bbox 1205 801 1331 851; x_wconf 81' lang='lat' dir='ltr'><strong>numerat</strong></span> <span class='ocrx_word' id='word_1_27' title='bbox 1349 797 1378 853; x_wconf 90' lang='lat' dir='ltr'><strong>in</strong></span> <span class='ocrx_word' id='word_1_28' title='bbox 1397 816 1431 853; x_wconf 89' lang='lat' dir='ltr'><strong>oo</strong></span> 
     </span>
     <span class='ocr_line' id='line_1_5' title="bbox 313 868 1432 943; baseline 0.004 -18"><span class='ocrx_word' id='word_1_29' title='bbox 313 874 365 925; x_wconf 85' lang='lat' dir='ltr'><strong>tur.</strong></span> <span class='ocrx_word' id='word_1_30' title='bbox 399 868 478 923; x_wconf 74' lang='lat' dir='ltr'><strong>Arare</strong></span> <span class='ocrx_word' id='word_1_31' title='bbox 492 868 526 923; x_wconf 87' lang='lat' dir='ltr'><strong>U.</strong></span> <span class='ocrx_word' id='word_1_32' title='bbox 537 868 568 923; x_wconf 84' lang='lat' dir='ltr'><strong>G.</strong></span> <span class='ocrx_word' id='word_1_33' title='bbox 581 872 642 925; x_wconf 82' lang='grc'><strong>709.</strong></span> <span class='ocrx_word' id='word_1_34' title='bbox 890 872 966 941; x_wconf 86' lang='lat' dir='ltr'><strong>libro,</strong></span> <span class='ocrx_word' id='word_1_35' title='bbox 977 873 1026 943; x_wconf 88' lang='lat' dir='ltr'><strong>qui</strong></span> <span class='ocrx_word' id='word_1_36' title='bbox 1042 872 1156 943; x_wconf 80' lang='lat' dir='ltr'><strong>scriptas</strong></span> <span class='ocrx_word' id='word_1_37' title='bbox 1173 873 1280 929; x_wconf 79' lang='lat' dir='ltr'><strong>videtur</strong></span> <span class='ocrx_word' id='word_1_38' title='bbox 1296 879 1360 929; x_wconf 81' lang='lat' dir='ltr'><strong>ante</strong></span> <span class='ocrx_word' id='word_1_39' title='bbox 1374 879 1432 931; x_wconf 82' lang='lat' dir='ltr'><strong>exi-</strong></span> 
     </span>
    </p>

    <p class='ocr_par' dir='ltr' id='par_1_4' title="bbox 313 943 1433 1337">
     <span class='ocr_line' id='line_1_6' title="bbox 348 943 1432 1021; baseline 0.007 -20"><span class='ocrx_word' id='word_1_40' title='bbox 348 943 517 1019; x_wconf 66' lang='lat' dir='ltr'><strong>Bithynicus]</strong></span> <span class='ocrx_word' id='word_1_41' title='bbox 536 946 673 1017; x_wconf 75' lang='lat' dir='ltr'><strong>Pompeiae</strong></span> <span class='ocrx_word' id='word_1_42' title='bbox 694 950 791 1019; x_wconf 74' lang='lat' dir='ltr'><strong>gentis,</strong></span> <span class='ocrx_word' id='word_1_43' title='bbox 807 952 855 1005; x_wconf 84' lang='lat' dir='ltr'><strong>eni</strong></span> <span class='ocrx_word' id='word_1_44' title='bbox 890 954 950 1008; x_wconf 82' lang='lat' dir='ltr'><strong>tam</strong></span> <span class='ocrx_word' id='word_1_45' title='bbox 969 952 1092 1021; x_wconf 76' lang='lat' dir='ltr'><strong>Africani</strong></span> <span class='ocrx_word' id='word_1_46' title='bbox 1108 952 1181 1005; x_wconf 86' lang='lat' dir='ltr'><strong>belii.</strong></span> <span class='ocrx_word' id='word_1_47' title='bbox 1217 951 1289 1007; x_wconf 79' lang='lat' dir='ltr'><strong>Haeo</strong></span> <span class='ocrx_word' id='word_1_48' title='bbox 1300 958 1432 1011; x_wconf 79' lang='lat' dir='ltr'><strong>auternet</strong></span> 
     </span>
     <span class='ocr_line' id='line_1_7' title="bbox 313 1025 1432 1102; baseline 0.008 -23"><span class='ocrx_word' id='word_1_49' title='bbox 313 1027 387 1096; x_wconf 74' lang='lat' dir='ltr'><strong>genti</strong></span> <span class='ocrx_word' id='word_1_50' title='bbox 399 1041 548 1095; x_wconf 76' lang='lat' dir='ltr'><strong>cognomen</strong></span> <span class='ocrx_word' id='word_1_51' title='bbox 563 1025 614 1081; x_wconf 90' lang='lat' dir='ltr'><strong>hoe</strong></span> <span class='ocrx_word' id='word_1_52' title='bbox 634 1027 709 1081; x_wconf 87' lang='lat' dir='ltr'><strong>dedit</strong></span> <span class='ocrx_word' id='word_1_53' title='bbox 727 1028 856 1097; x_wconf 76' lang='lat' dir='ltr'><strong>Bithynia</strong></span> <span class='ocrx_word' id='word_1_54' title='bbox 891 1046 953 1101; x_wconf 78' lang='lat' dir='ltr'><strong>qnae</strong></span> <span class='ocrx_word' id='word_1_55' title='bbox 965 1030 1087 1100; x_wconf 80' lang='lat' dir='ltr'><strong>requitur</strong></span> <span class='ocrx_word' id='word_1_56' title='bbox 1097 1030 1219 1099; x_wconf 84' lang='lat' dir='ltr'><strong>epistola,</strong></span> <span class='ocrx_word' id='word_1_57' title='bbox 1232 1034 1338 1102; x_wconf 80' lang='lat' dir='ltr'><strong>seriptoe</strong></span> <span class='ocrx_word' id='word_1_58' title='bbox 1358 1038 1432 1102; x_wconf 81' lang='lat' dir='ltr'><strong>sunt,</strong></span> 
     </span>
     <span class='ocr_line' id='line_1_8' title="bbox 313 1104 1433 1179; baseline 0.006 -20"><span class='ocrx_word' id='word_1_59' title='bbox 313 1106 427 1159; x_wconf 84' lang='lat' dir='ltr'><strong>devicta.</strong></span> <span class='ocrx_word' id='word_1_60' title='bbox 444 1104 606 1158; x_wconf 84' lang='lat' dir='ltr'><strong>Nominatur</strong></span> <span class='ocrx_word' id='word_1_61' title='bbox 615 1104 808 1161; x_wconf 85' lang='lat' dir='ltr'><strong>etiaminiibro</strong></span> <span class='ocrx_word' id='word_1_62' title='bbox 819 1108 854 1161; x_wconf 94' lang='lat' dir='ltr'><strong>de</strong></span> <span class='ocrx_word' id='word_1_63' title='bbox 891 1108 943 1162; x_wconf 82' lang='lat' dir='ltr'><strong>nisi</strong></span> <span class='ocrx_word' id='word_1_64' title='bbox 954 1124 998 1161; x_wconf 90' lang='lat' dir='ltr'><strong>me</strong></span> <span class='ocrx_word' id='word_1_65' title='bbox 1007 1108 1165 1174; x_wconf 77' lang='lat' dir='ltr'><strong>coniectura</strong></span> <span class='ocrx_word' id='word_1_66' title='bbox 1176 1107 1254 1175; x_wconf 76' lang='lat' dir='ltr'><strong>fallit,</strong></span> <span class='ocrx_word' id='word_1_67' title='bbox 1265 1114 1327 1179; x_wconf 84' lang='lat' dir='ltr'><strong>post</strong></span> <span class='ocrx_word' id='word_1_68' title='bbox 1342 1112 1433 1165; x_wconf 75' lang='lat' dir='ltr'><strong>Casa·</strong></span> 
     </span>
     <span class='ocr_line' id='line_1_9' title="bbox 313 1182 1431 1258; baseline 0.007 -21"><span class='ocrx_word' id='word_1_69' title='bbox 313 1184 391 1237; x_wconf 83' lang='lat' dir='ltr'><strong>oiaris</strong></span> <span class='ocrx_word' id='word_1_70' title='bbox 414 1183 490 1236; x_wconf 85' lang='lat' dir='ltr'><strong>Orat.</strong></span> <span class='ocrx_word' id='word_1_71' title='bbox 519 1182 553 1243; x_wconf 70' lang='lat' dir='ltr'><strong>Q.</strong></span> <span class='ocrx_word' id='word_1_72' title='bbox 570 1182 709 1254; x_wconf 75' lang='lat' dir='ltr'><strong>Pompeiae</strong></span> <span class='ocrx_word' id='word_1_73' title='bbox 731 1185 856 1258; x_wconf 54' lang='lat' dir='ltr'><strong>Bitias&amp;-</strong></span> <span class='ocrx_word' id='word_1_74' title='bbox 890 1187 928 1239; x_wconf 88' lang='lat' dir='ltr'><strong>ris</strong></span> <span class='ocrx_word' id='word_1_75' title='bbox 939 1200 1044 1239; x_wconf 82' lang='lat' dir='ltr'><strong>neoem.</strong></span> <span class='ocrx_word' id='word_1_76' title='bbox 1062 1185 1142 1240; x_wconf 74' lang='lat' dir='ltr'><strong>Mari.</strong></span> <span class='ocrx_word' id='word_1_77' title='bbox 1171 1186 1215 1240; x_wconf 89' lang='lat' dir='ltr'><strong>De</strong></span> <span class='ocrx_word' id='word_1_78' title='bbox 1226 1187 1369 1256; x_wconf 75' lang='lat' dir='ltr'><strong>Bithyniae</strong></span> <span class='ocrx_word' id='word_1_79' title='bbox 1381 1190 1431 1246; x_wconf 84' lang='lat' dir='ltr'><strong>hn-</strong></span> 
     </span>
     <span class='ocr_line' id='line_1_10' title="bbox 313 1261 1371 1337; baseline 0.007 -21"><span class='ocrx_word' id='word_1_80' title='bbox 313 1279 372 1317; x_wconf 82' lang='lat' dir='ltr'><strong>ear:</strong></span> <span class='ocrx_word' id='word_1_81' title='bbox 390 1261 438 1315; x_wconf 89' lang='lat' dir='ltr'><strong>sed</strong></span> <span class='ocrx_word' id='word_1_82' title='bbox 456 1277 519 1315; x_wconf 88' lang='lat' dir='ltr'><strong>enm</strong></span> <span class='ocrx_word' id='word_1_83' title='bbox 535 1266 601 1330; x_wconf 86' lang='lat' dir='ltr'><strong>puto</strong></span> <span class='ocrx_word' id='word_1_84' title='bbox 618 1261 700 1331; x_wconf 86' lang='lat' dir='ltr'><strong>hujus</strong></span> <span class='ocrx_word' id='word_1_85' title='bbox 718 1264 856 1334; x_wconf 78' lang='lat' dir='ltr'><strong>Bithyniei</strong></span> <span class='ocrx_word' id='word_1_86' title='bbox 887 1264 934 1332; x_wconf 87' lang='lat' dir='ltr'><strong>jns</strong></span> <span class='ocrx_word' id='word_1_87' title='bbox 943 1265 1028 1335; x_wconf 83' lang='lat' dir='ltr'><strong>patre,</strong></span> <span class='ocrx_word' id='word_1_88' title='bbox 1039 1264 1103 1317; x_wconf 83' lang='lat' dir='ltr'><strong>ride</strong></span> <span class='ocrx_word' id='word_1_89' title='bbox 1111 1265 1140 1323; x_wconf 80' lang='lat' dir='ltr'><strong>in</strong></span> <span class='ocrx_word' id='word_1_90' title='bbox 1151 1265 1247 1333; x_wconf 85' lang='lat' dir='ltr'><strong>Bruto,</strong></span> <span class='ocrx_word' id='word_1_91' title='bbox 1255 1272 1371 1337; x_wconf 83' lang='lat' dir='ltr'><strong>eap.·68.</strong></span> 
     </span>
    </p>
   </div>
   <div class='ocr_carea' id='block_1_4' title="bbox 316 1431 1121 1488">
    <p class='ocr_par' dir='ltr' id='par_1_5' title="bbox 316 1431 1121 1488">
     <span class='ocr_line' id='line_1_11' title="bbox 316 1431 1121 1488; baseline -0.002 -1"><span class='ocrx_word' id='word_1_92' title='bbox 316 1436 350 1487; x_wconf 82' lang='lat'><strong>1⁷</strong></span> <span class='ocrx_word' id='word_1_93' title='bbox 629 1432 671 1488; x_wconf 83' lang='lat' dir='ltr'><strong>M.</strong></span> <span class='ocrx_word' id='word_1_94' title='bbox 690 1432 835 1487; x_wconf 83' lang='lat' dir='ltr'>CICERO</span> <span class='ocrx_word' id='word_1_95' title='bbox 853 1431 1075 1488; x_wconf 82' lang='lat' dir='ltr'><strong>BITHYNICO</strong></span> <span class='ocrx_word' id='word_1_96' title='bbox 1093 1433 1121 1485; x_wconf 88' lang='lat' dir='ltr'><strong>S.</strong></span> 
     </span>
    </p>
   </div>
   <div class='ocr_carea' id='block_1_5' title="bbox 309 1549 1493 2488">
    <p class='ocr_par' dir='ltr' id='par_1_6' title="bbox 311 1549 1435 2013">
     <span class='ocr_line' id='line_1_12' title="bbox 346 1549 1434 1623; baseline 0.004 -16"><span class='ocrx_word' id='word_1_97' title='bbox 346 1552 422 1607; x_wconf 79' lang='lat' dir='ltr'><strong>Arm.</strong></span> <span class='ocrx_word' id='word_1_98' title='bbox 440 1551 854 1621; x_wconf 69' lang='lat' dir='ltr'><strong>Respondetliithynieieuidam</strong></span> <span class='ocrx_word' id='word_1_99' title='bbox 890 1570 954 1623; x_wconf 86' lang='lat' dir='ltr'><strong>pere</strong></span> <span class='ocrx_word' id='word_1_100' title='bbox 976 1569 1005 1606; x_wconf 86' lang='lat' dir='ltr'><strong>se</strong></span> <span class='ocrx_word' id='word_1_101' title='bbox 1022 1553 1175 1607; x_wconf 77' lang='lat' dir='ltr'><strong>ostenderat</strong></span> <span class='ocrx_word' id='word_1_102' title='bbox 1196 1549 1259 1607; x_wconf 75' lang='lat' dir='ltr'><strong>enin</strong></span> <span class='ocrx_word' id='word_1_103' title='bbox 1281 1571 1315 1607; x_wconf 92' lang='lat' dir='ltr'><strong>eo</strong></span> <span class='ocrx_word' id='word_1_104' title='bbox 1337 1555 1434 1611; x_wconf 81' lang='lat' dir='ltr'><strong>vivere.</strong></span> 
     </span>
     <span class='ocr_line' id='line_1_13' title="bbox 311 1630 1433 1702; baseline 0.002 -17"><span class='ocrx_word' id='word_1_105' title='bbox 311 1630 778 1702; x_wconf 79' lang='lat' dir='ltr'><strong>epistotae,qnailie.oonstitniarep.</strong></span> <span class='ocrx_word' id='word_1_106' title='bbox 789 1648 854 1686; x_wconf 87' lang='lat' dir='ltr'><strong>eum</strong></span> <span class='ocrx_word' id='word_1_107' title='bbox 892 1632 961 1696; x_wconf 79' lang='lat' dir='ltr'><strong>Quae</strong></span> <span class='ocrx_word' id='word_1_108' title='bbox 973 1635 1021 1684; x_wconf 86' lang='lat' dir='ltr'><strong>aut</strong></span> <span class='ocrx_word' id='word_1_109' title='bbox 1030 1636 1124 1700; x_wconf 85' lang='lat' dir='ltr'><strong>postea</strong></span> <span class='ocrx_word' id='word_1_110' title='bbox 1134 1632 1245 1699; x_wconf 87' lang='lat' dir='ltr'><strong>periere,</strong></span> <span class='ocrx_word' id='word_1_111' title='bbox 1263 1637 1312 1686; x_wconf 84' lang='lat' dir='ltr'><strong>ant</strong></span> <span class='ocrx_word' id='word_1_112' title='bbox 1329 1634 1358 1686; x_wconf 90' lang='lat' dir='ltr'><strong>in</strong></span> <span class='ocrx_word' id='word_1_113' title='bbox 1373 1634 1433 1687; x_wconf 78' lang='lat' dir='ltr'><strong>haee</strong></span> 
     </span>
     <span class='ocr_line' id='line_1_14' title="bbox 313 1709 1397 1780; baseline -0.003 -14"><span class='ocrx_word' id='word_1_114' title='bbox 313 1710 854 1780; x_wconf 71' lang='lat' dir='ltr'><strong>ctoeroneeerinummpremiserarquoe</strong></span> <span class='ocrx_word' id='word_1_115' title='bbox 891 1709 1028 1764; x_wconf 81' lang='lat' dir='ltr'><strong>volumina</strong></span> <span class='ocrx_word' id='word_1_116' title='bbox 1037 1711 1130 1763; x_wconf 79' lang='lat' dir='ltr'><strong>reiatae</strong></span> <span class='ocrx_word' id='word_1_117' title='bbox 1142 1724 1196 1763; x_wconf 93' lang='lat' dir='ltr'><strong>non</strong></span> <span class='ocrx_word' id='word_1_118' title='bbox 1208 1713 1280 1763; x_wconf 81' lang='lat' dir='ltr'><strong>sunt.</strong></span> <span class='ocrx_word' id='word_1_119' title='bbox 1313 1710 1397 1765; x_wconf 82' lang='lat' dir='ltr'><strong>Vror.</strong></span> 
     </span>
     <span class='ocr_line' id='line_1_15' title="bbox 312 1784 1433 1859; baseline 0.002 -16"><span class='ocrx_word' id='word_1_120' title='bbox 312 1794 418 1859; x_wconf 72' lang='lat' dir='ltr'><strong>gratnm</strong></span> <span class='ocrx_word' id='word_1_121' title='bbox 429 1788 480 1843; x_wconf 84' lang='lat' dir='ltr'><strong>sibi</strong></span> <span class='ocrx_word' id='word_1_122' title='bbox 490 1788 546 1843; x_wconf 86' lang='lat' dir='ltr'><strong>iore</strong></span> <span class='ocrx_word' id='word_1_123' title='bbox 557 1790 697 1858; x_wconf 77' lang='lat' dir='ltr'><strong>signifieat,</strong></span> <span class='ocrx_word' id='word_1_124' title='bbox 714 1794 743 1843; x_wconf 80' lang='lat' dir='ltr'><strong>et</strong></span> <span class='ocrx_word' id='word_1_125' title='bbox 755 1806 783 1843; x_wconf 87' lang='lat' dir='ltr'><strong>se</strong></span> <span class='ocrx_word' id='word_1_126' title='bbox 794 1789 854 1857; x_wconf 79' lang='lat' dir='ltr'><strong>ejus</strong></span> <span class='ocrx_word' id='word_1_127' title='bbox 926 1788 1062 1854; x_wconf 69' lang='lat' dir='ltr'><strong>Aeerere,</strong></span> <span class='ocrx_word' id='word_1_128' title='bbox 1075 1788 1105 1841; x_wconf 83' lang='lat' dir='ltr'><strong>id</strong></span> <span class='ocrx_word' id='word_1_129' title='bbox 1121 1784 1210 1859; x_wconf 63' lang='lat' dir='ltr'><strong>mera]</strong></span> <span class='ocrx_word' id='word_1_130' title='bbox 1227 1788 1335 1843; x_wconf 79' lang='lat' dir='ltr'><strong>Manet.</strong></span> <span class='ocrx_word' id='word_1_131' title='bbox 1351 1790 1433 1845; x_wconf 83' lang='lat' dir='ltr'><strong>Lam·</strong></span> 
     </span>
     <span class='ocr_line' id='line_1_16' title="bbox 311 1866 1432 1925; baseline 0.003 -3"><span class='ocrx_word' id='word_1_132' title='bbox 311 1869 751 1924; x_wconf 79' lang='lat' dir='ltr'><strong>esaeamastissimnrnoenfirrnat</strong></span> <span class='ocrx_word' id='word_1_133' title='bbox 774 1868 855 1922; x_wconf 76' lang='lat' dir='ltr'><strong>Assio</strong></span> <span class='ocrx_word' id='word_1_134' title='bbox 891 1867 947 1921; x_wconf 87' lang='lat' dir='ltr'><strong>bin.</strong></span> <span class='ocrx_word' id='word_1_135' title='bbox 967 1868 1057 1921; x_wconf 81' lang='lat' dir='ltr'><strong>Graev.</strong></span> <span class='ocrx_word' id='word_1_136' title='bbox 1071 1866 1192 1920; x_wconf 64' lang='lat' dir='ltr'><strong>reddar.</strong></span> <span class='ocrx_word' id='word_1_137' title='bbox 1228 1867 1291 1920; x_wconf 88' lang='lat' dir='ltr'><strong>Non</strong></span> <span class='ocrx_word' id='word_1_138' title='bbox 1303 1870 1344 1920; x_wconf 88' lang='lat' dir='ltr'><strong>ita</strong></span> <span class='ocrx_word' id='word_1_139' title='bbox 1354 1868 1432 1925; x_wconf 82' lang='lat' dir='ltr'><strong>bene.</strong></span> 
     </span>
     <span class='ocr_line' id='line_1_17' title="bbox 311 1944 1435 2013; baseline 0.001 -13"><span class='ocrx_word' id='word_1_140' title='bbox 311 1946 460 2002; x_wconf 82' lang='lat' dir='ltr'><strong>U.c.7oo.</strong></span> <span class='ocrx_word' id='word_1_141' title='bbox 891 1946 1060 2000; x_wconf 78' lang='lat' dir='ltr'><strong>Sensueest:</strong></span> <span class='ocrx_word' id='word_1_142' title='bbox 1076 1944 1320 2013; x_wconf 84' lang='lat' dir='ltr'><strong>promiseumtunrn</strong></span> <span class='ocrx_word' id='word_1_143' title='bbox 1329 1947 1435 2001; x_wconf 82' lang='lat' dir='ltr'><strong>aceedit</strong></span> 
     </span>
    </p>

    <p class='ocr_par' dir='ltr' id='par_1_7' title="bbox 309 2024 1493 2488">
     <span class='ocr_line' id='line_1_18' title="bbox 346 2024 1493 2096; baseline 0.001 -17"><span class='ocrx_word' id='word_1_144' title='bbox 346 2026 410 2079; x_wconf 92' lang='lat' dir='ltr'><strong>Non</strong></span> <span class='ocrx_word' id='word_1_145' title='bbox 418 2025 562 2093; x_wconf 87' lang='lat' dir='ltr'><strong>respondet</strong></span> <span class='ocrx_word' id='word_1_146' title='bbox 571 2024 630 2081; x_wconf 77' lang='lat' dir='ltr'><strong>heae</strong></span> <span class='ocrx_word' id='word_1_147' title='bbox 639 2024 775 2079; x_wconf 81' lang='lat' dir='ltr'><strong>Ciceronis</strong></span> <span class='ocrx_word' id='word_1_148' title='bbox 785 2028 855 2096; x_wconf 87' lang='lat' dir='ltr'><strong>epis-</strong></span> <span class='ocrx_word' id='word_1_149' title='bbox 892 2026 982 2077; x_wconf 86' lang='lat' dir='ltr'><strong>adrea</strong></span> <span class='ocrx_word' id='word_1_150' title='bbox 997 2028 1119 2089; x_wconf 77' lang='lat' dir='ltr'><strong>aretem,</strong></span> <span class='ocrx_word' id='word_1_151' title='bbox 1136 2039 1342 2093; x_wconf 81' lang='lat' dir='ltr'><strong>qnarnmeama</strong></span> <span class='ocrx_word' id='word_1_152' title='bbox 1352 2028 1434 2096; x_wconf 89' lang='lat' dir='ltr'><strong>enpio</strong></span> <span class='ocrx_word' id='word_1_153' title='bbox 1490 2076 1493 2079; x_wconf 83' lang='lat'><strong>.</strong></span> 
     </span>
     <span class='ocr_line' id='line_1_19' title="bbox 311 2102 1435 2172; baseline 0.004 -16"><span class='ocrx_word' id='word_1_154' title='bbox 311 2103 374 2169; x_wconf 79' lang='lat' dir='ltr'><strong>tola,</strong></span> <span class='ocrx_word' id='word_1_155' title='bbox 403 2103 630 2171; x_wconf 84' lang='lat' dir='ltr'><strong>quemadmodum</strong></span> <span class='ocrx_word' id='word_1_156' title='bbox 648 2119 699 2172; x_wconf 76' lang='lat' dir='ltr'><strong>ego</strong></span> <span class='ocrx_word' id='word_1_157' title='bbox 721 2104 854 2172; x_wconf 79' lang='lat' dir='ltr'><strong>existimo,</strong></span> <span class='ocrx_word' id='word_1_158' title='bbox 893 2102 990 2172; x_wconf 88' lang='lat' dir='ltr'><strong>Remp.</strong></span> <span class='ocrx_word' id='word_1_159' title='bbox 1010 2118 1068 2155; x_wconf 89' lang='lat' dir='ltr'><strong>esse</strong></span> <span class='ocrx_word' id='word_1_160' title='bbox 1089 2102 1232 2171; x_wconf 88' lang='lat' dir='ltr'><strong>aliqnando</strong></span> <span class='ocrx_word' id='word_1_161' title='bbox 1252 2106 1435 2159; x_wconf 80' lang='lat' dir='ltr'><strong>constitutam.</strong></span> 
     </span>
     <span class='ocr_line' id='line_1_20' title="bbox 311 2180 1435 2254; baseline 0.004 -21"><span class='ocrx_word' id='word_1_162' title='bbox 311 2182 439 2251; x_wconf 80' lang='lat' dir='ltr'><strong>superiori</strong></span> <span class='ocrx_word' id='word_1_163' title='bbox 459 2181 608 2251; x_wconf 84' lang='lat' dir='ltr'><strong>Bithynioi:</strong></span> <span class='ocrx_word' id='word_1_164' title='bbox 636 2183 664 2237; x_wconf 91' lang='lat' dir='ltr'><strong>id</strong></span> <span class='ocrx_word' id='word_1_165' title='bbox 688 2186 786 2249; x_wconf 85' lang='lat' dir='ltr'><strong>antem,</strong></span> <span class='ocrx_word' id='word_1_166' title='bbox 807 2184 855 2254; x_wconf 89' lang='lat' dir='ltr'><strong>qni</strong></span> <span class='ocrx_word' id='word_1_167' title='bbox 892 2180 1091 2250; x_wconf 68' lang='lat' dir='ltr'><strong>Idiioeipanrn</strong></span> <span class='ocrx_word' id='word_1_168' title='bbox 1101 2181 1435 2252; x_wconf 76' lang='lat' dir='ltr'><strong>est,Rernp.esseeonoti-</strong></span> 
     </span>
     <span class='ocr_line' id='line_1_21' title="bbox 311 2260 1436 2331; baseline 0 -16"><span class='ocrx_word' id='word_1_169' title='bbox 311 2264 414 2317; x_wconf 77' lang='lat' dir='ltr'><strong>attente</strong></span> <span class='ocrx_word' id='word_1_170' title='bbox 426 2261 518 2314; x_wconf 86' lang='lat' dir='ltr'><strong>ambas</strong></span> <span class='ocrx_word' id='word_1_171' title='bbox 529 2261 631 2330; x_wconf 73' lang='lat' dir='ltr'><strong>legerit,</strong></span> <span class='ocrx_word' id='word_1_172' title='bbox 643 2260 721 2314; x_wconf 81' lang='lat' dir='ltr'><strong>iaoile</strong></span> <span class='ocrx_word' id='word_1_173' title='bbox 734 2263 855 2316; x_wconf 87' lang='lat' dir='ltr'><strong>animad-</strong></span> <span class='ocrx_word' id='word_1_174' title='bbox 891 2264 988 2315; x_wconf 85' lang='lat' dir='ltr'><strong>tutam.</strong></span> <span class='ocrx_word' id='word_1_175' title='bbox 1034 2260 1166 2313; x_wconf 76' lang='lat' dir='ltr'><strong>Doctores</strong></span> <span class='ocrx_word' id='word_1_176' title='bbox 1186 2261 1308 2315; x_wconf 80' lang='lat' dir='ltr'><strong>videant:</strong></span> <span class='ocrx_word' id='word_1_177' title='bbox 1337 2263 1436 2331; x_wconf 86' lang='lat' dir='ltr'><strong>quibos</strong></span> 
     </span>
     <span class='ocr_line' id='line_1_22' title="bbox 309 2338 1433 2411; baseline 0.003 -18"><span class='ocrx_word' id='word_1_178' title='bbox 309 2343 405 2393; x_wconf 81' lang='lat' dir='ltr'><strong>vertet.</strong></span> <span class='ocrx_word' id='word_1_179' title='bbox 439 2340 587 2411; x_wconf 82' lang='lat' dir='ltr'><strong>Seripaerat</strong></span> <span class='ocrx_word' id='word_1_180' title='bbox 601 2340 668 2393; x_wconf 87' lang='lat' dir='ltr'><strong>siias</strong></span> <span class='ocrx_word' id='word_1_181' title='bbox 688 2340 790 2397; x_wconf 78' lang='lat' dir='ltr'><strong>litteras</strong></span> <span class='ocrx_word' id='word_1_182' title='bbox 808 2340 856 2394; x_wconf 87' lang='lat' dir='ltr'><strong>Bi-</strong></span> <span class='ocrx_word' id='word_1_183' title='bbox 892 2354 994 2393; x_wconf 83' lang='lat' dir='ltr'><strong>nrorern</strong></span> <span class='ocrx_word' id='word_1_184' title='bbox 1014 2354 1115 2407; x_wconf 67' lang='lat' dir='ltr'><strong>gaam,</strong></span> <span class='ocrx_word' id='word_1_185' title='bbox 1133 2344 1163 2392; x_wconf 93' lang='lat' dir='ltr'><strong>et</strong></span> <span class='ocrx_word' id='word_1_186' title='bbox 1182 2338 1297 2395; x_wconf 62' lang='lat' dir='ltr'><strong>ibenter</strong></span> <span class='ocrx_word' id='word_1_187' title='bbox 1314 2341 1433 2410; x_wconf 88' lang='lat' dir='ltr'><strong>qnidem.</strong></span> 
     </span>
     <span class='ocr_line' id='line_1_23' title="bbox 310 2416 1015 2488; baseline 0 -17"><span class='ocrx_word' id='word_1_188' title='bbox 310 2418 436 2488; x_wconf 65' lang='lat' dir='ltr'><strong>ffiyniens</strong></span> <span class='ocrx_word' id='word_1_189' title='bbox 455 2419 490 2472; x_wconf 86' lang='lat' dir='ltr'><strong>ad</strong></span> <span class='ocrx_word' id='word_1_190' title='bbox 509 2418 678 2485; x_wconf 78' lang='lat' dir='ltr'><strong>Gieeronem,</strong></span> <span class='ocrx_word' id='word_1_191' title='bbox 695 2417 793 2487; x_wconf 81' lang='lat' dir='ltr'><strong>quihus</strong></span> <span class='ocrx_word' id='word_1_192' title='bbox 808 2434 856 2471; x_wconf 78' lang='lat' dir='ltr'><strong>en·</strong></span> <span class='ocrx_word' id='word_1_193' title='bbox 892 2416 1015 2471; x_wconf 81' lang='lat' dir='ltr'><strong>Oarvar.</strong></span> 
     </span>
    </p>
   </div>
   <div class='ocr_carea' id='block_1_6' title="bbox 308 2562 1031 2653">
    <p class='ocr_par' dir='ltr' id='par_1_8' title="bbox 308 2562 1031 2653">
     <span class='ocr_line' id='line_1_24' title="bbox 308 2562 1031 2653; baseline 0 -11"><span class='ocrx_word' id='word_1_194' title='bbox 308 2562 342 2653; x_wconf 65' lang='grc' dir='ltr'><strong>ὼ</strong></span> <span class='ocrx_word' id='word_1_195' title='bbox 722 2586 866 2642; x_wconf 78' lang='lat' dir='ltr'><strong>moneo</strong></span> <span class='ocrx_word' id='word_1_196' title='bbox 885 2586 1031 2641; x_wconf 68' lang='lat' dir='ltr'><strong>aaron.</strong></span> 
     </span>
    </p>
   </div>
   <div class='ocr_carea' id='block_1_7' title="bbox 284 2696 1497 4659">
    <p class='ocr_par' dir='ltr' id='par_1_9' title="bbox 310 2696 1437 3010">
     <span class='ocr_line' id='line_1_25' title="bbox 343 2696 1437 2776; baseline -0.001 -11"><span class='ocrx_word' id='word_1_197' title='bbox 343 2715 420 2768; x_wconf 81' lang='lat' dir='ltr'><strong>Ano.</strong></span> <span class='ocrx_word' id='word_1_198' title='bbox 438 2707 591 2774; x_wconf 77' lang='lat' dir='ltr'><strong>Quaestioni</strong></span> <span class='ocrx_word' id='word_1_199' title='bbox 598 2706 743 2775; x_wconf 85' lang='lat' dir='ltr'><strong>respondet</strong></span> <span class='ocrx_word' id='word_1_200' title='bbox 752 2706 855 2774; x_wconf 69' lang='lat' dir='ltr'><strong>exlege</strong></span> <span class='ocrx_word' id='word_1_201' title='bbox 891 2707 1002 2776; x_wconf 81' lang='lat' dir='ltr'><strong>quidem</strong></span> <span class='ocrx_word' id='word_1_202' title='bbox 1018 2707 1079 2776; x_wconf 81' lang='lat' dir='ltr'><strong>ipso</strong></span> <span class='ocrx_word' id='word_1_203' title='bbox 1096 2696 1249 2774; x_wconf 52' lang='lat' dir='ltr'><strong>aiassae,</strong></span> <span class='ocrx_word' id='word_1_204' title='bbox 1266 2707 1361 2762; x_wconf 83' lang='lat' dir='ltr'><strong>deeenr</strong></span> <span class='ocrx_word' id='word_1_205' title='bbox 1376 2711 1437 2764; x_wconf 80' lang='lat' dir='ltr'><strong>tan-</strong></span> 
     </span>
     <span class='ocr_line' id='line_1_26' title="bbox 310 2783 1436 2855; baseline 0.002 -15"><span class='ocrx_word' id='word_1_206' title='bbox 310 2791 345 2846; x_wconf 81' lang='lat' dir='ltr'><strong>de</strong></span> <span class='ocrx_word' id='word_1_207' title='bbox 374 2783 571 2841; x_wconf 76' lang='lat' dir='ltr'><strong>decurionibus.</strong></span> <span class='ocrx_word' id='word_1_208' title='bbox 610 2783 698 2838; x_wconf 78' lang='lat' dir='ltr'><strong>Addit</strong></span> <span class='ocrx_word' id='word_1_209' title='bbox 726 2786 761 2838; x_wconf 88' lang='lat' dir='ltr'><strong>de</strong></span> <span class='ocrx_word' id='word_1_210' title='bbox 785 2785 856 2838; x_wconf 84' lang='lat' dir='ltr'><strong>bello</strong></span> <span class='ocrx_word' id='word_1_211' title='bbox 892 2787 951 2838; x_wconf 90' lang='lat' dir='ltr'><strong>tum</strong></span> <span class='ocrx_word' id='word_1_212' title='bbox 961 2785 1100 2840; x_wconf 63' lang='lat' dir='ltr'><strong>videnter}</strong></span> <span class='ocrx_word' id='word_1_213' title='bbox 1118 2786 1166 2839; x_wconf 89' lang='lat' dir='ltr'><strong>sed</strong></span> <span class='ocrx_word' id='word_1_214' title='bbox 1183 2787 1272 2855; x_wconf 79' lang='lat' dir='ltr'><strong>pieres</strong></span> <span class='ocrx_word' id='word_1_215' title='bbox 1282 2786 1436 2842; x_wconf 75' lang='lat' dir='ltr'><strong>iinmeeon-</strong></span> 
     </span>
     <span class='ocr_line' id='line_1_27' title="bbox 311 2861 1437 2936; baseline -0.004 -16"><span class='ocrx_word' id='word_1_216' title='bbox 311 2863 494 2936; x_wconf 74' lang='lat' dir='ltr'><strong>Hispaniensi,</strong></span> <span class='ocrx_word' id='word_1_217' title='bbox 508 2861 542 2914; x_wconf 89' lang='lat' dir='ltr'><strong>de</strong></span> <span class='ocrx_word' id='word_1_218' title='bbox 564 2861 659 2930; x_wconf 74' lang='lat' dir='ltr'><strong>Leptae</strong></span> <span class='ocrx_word' id='word_1_219' title='bbox 682 2863 799 2930; x_wconf 72' lang='lat' dir='ltr'><strong>negotio,</strong></span> <span class='ocrx_word' id='word_1_220' title='bbox 821 2861 856 2915; x_wconf 88' lang='lat' dir='ltr'><strong>de</strong></span> <span class='ocrx_word' id='word_1_221' title='bbox 892 2867 1047 2930; x_wconf 83' lang='lat' dir='ltr'><strong>statexeo,</strong></span> <span class='ocrx_word' id='word_1_222' title='bbox 1064 2863 1179 2935; x_wconf 88' lang='lat' dir='ltr'><strong>quodin</strong></span> <span class='ocrx_word' id='word_1_223' title='bbox 1196 2865 1315 2918; x_wconf 89' lang='lat' dir='ltr'><strong>seennda</strong></span> <span class='ocrx_word' id='word_1_224' title='bbox 1331 2867 1437 2934; x_wconf 70' lang='lat' dir='ltr'><strong>agraria</strong></span> 
     </span>
     <span class='ocr_line' id='line_1_28' title="bbox 313 2939 1313 3010; baseline 0.001 -15"><span class='ocrx_word' id='word_1_225' title='bbox 313 2946 427 3000; x_wconf 82' lang='lat' dir='ltr'><strong>Oratore</strong></span> <span class='ocrx_word' id='word_1_226' title='bbox 439 2957 497 3010; x_wconf 84' lang='lat' dir='ltr'><strong>sno,</strong></span> <span class='ocrx_word' id='word_1_227' title='bbox 505 2939 669 3005; x_wconf 81' lang='lat' dir='ltr'><strong>deTniiioin,</strong></span> <span class='ocrx_word' id='word_1_228' title='bbox 679 2940 748 2994; x_wconf 84' lang='lat' dir='ltr'><strong>etde</strong></span> <span class='ocrx_word' id='word_1_229' title='bbox 758 2940 855 3009; x_wconf 78' lang='lat' dir='ltr'><strong>Leptae</strong></span> <span class='ocrx_word' id='word_1_230' title='bbox 893 2945 1003 2995; x_wconf 85' lang='lat' dir='ltr'><strong>eentum</strong></span> <span class='ocrx_word' id='word_1_231' title='bbox 1012 2945 1193 2998; x_wconf 82' lang='lat' dir='ltr'><strong>nominantur.</strong></span> <span class='ocrx_word' id='word_1_232' title='bbox 1227 2943 1313 2998; x_wconf 80' lang='lat' dir='ltr'><strong>lnerr.</strong></span> 
     </span>
    </p>

    <p class='ocr_par' dir='ltr' id='par_1_10' title="bbox 311 3017 1436 3172">
     <span class='ocr_line' id='line_1_29' title="bbox 311 3017 1435 3094; baseline 0.004 -18"><span class='ocrx_word' id='word_1_233' title='bbox 311 3023 329 3076; x_wconf 89' lang='lat' dir='ltr'><strong>J</strong></span> <span class='ocrx_word' id='word_1_234' title='bbox 330 3021 431 3078; x_wconf 88' lang='lat' dir='ltr'><strong>unieris</strong></span> <span class='ocrx_word' id='word_1_235' title='bbox 442 3019 537 3074; x_wconf 85' lang='lat' dir='ltr'><strong>studiis</strong></span> <span class='ocrx_word' id='word_1_236' title='bbox 546 3017 688 3072; x_wconf 86' lang='lat' dir='ltr'><strong>eonsilium</strong></span> <span class='ocrx_word' id='word_1_237' title='bbox 699 3035 731 3074; x_wconf 86' lang='lat' dir='ltr'><strong>ao</strong></span> <span class='ocrx_word' id='word_1_238' title='bbox 739 3033 857 3089; x_wconf 86' lang='lat' dir='ltr'><strong>praroep·</strong></span> <span class='ocrx_word' id='word_1_239' title='bbox 928 3019 1073 3094; x_wconf 75' lang='lat' dir='ltr'><strong>Qnidoriie]</strong></span> <span class='ocrx_word' id='word_1_240' title='bbox 1079 3021 1164 3078; x_wconf 78' lang='lat' dir='ltr'><strong>Joous</strong></span> <span class='ocrx_word' id='word_1_241' title='bbox 1172 3023 1236 3092; x_wconf 88' lang='lat' dir='ltr'><strong>(nisi</strong></span> <span class='ocrx_word' id='word_1_242' title='bbox 1242 3021 1365 3090; x_wconf 85' lang='lat' dir='ltr'><strong>iaiior)in</strong></span> <span class='ocrx_word' id='word_1_243' title='bbox 1375 3023 1435 3080; x_wconf 62' lang='lat' dir='ltr'><strong>ce</strong></span> 
     </span>
     <span class='ocr_line' id='line_1_30' title="bbox 312 3097 1436 3172; baseline 0.002 -16"><span class='ocrx_word' id='word_1_244' title='bbox 312 3106 371 3156; x_wconf 87' lang='lat' dir='ltr'><strong>tum</strong></span> <span class='ocrx_word' id='word_1_245' title='bbox 384 3099 438 3154; x_wconf 79' lang='lat' dir='ltr'><strong>dat.</strong></span> <span class='ocrx_word' id='word_1_246' title='bbox 456 3099 535 3153; x_wconf 79' lang='lat' dir='ltr'><strong>Anao</strong></span> <span class='ocrx_word' id='word_1_247' title='bbox 547 3097 620 3150; x_wconf 86' lang='lat' dir='ltr'><strong>U.C.</strong></span> <span class='ocrx_word' id='word_1_248' title='bbox 631 3100 692 3152; x_wconf 79' lang='grc'><strong>708.</strong></span> <span class='ocrx_word' id='word_1_249' title='bbox 893 3115 988 3164; x_wconf 83' lang='lat' dir='ltr'><strong>sarem,</strong></span> <span class='ocrx_word' id='word_1_250' title='bbox 1007 3101 1093 3170; x_wconf 88' lang='lat' dir='ltr'><strong>quiin</strong></span> <span class='ocrx_word' id='word_1_251' title='bbox 1104 3118 1167 3156; x_wconf 84' lang='lat' dir='ltr'><strong>euni</strong></span> <span class='ocrx_word' id='word_1_252' title='bbox 1178 3102 1299 3156; x_wconf 77' lang='lat' dir='ltr'><strong>ordinem</strong></span> <span class='ocrx_word' id='word_1_253' title='bbox 1308 3103 1436 3172; x_wconf 67' lang='lat' dir='ltr'><strong>indignis·</strong></span> 
     </span>
    </p>

    <p class='ocr_par' dir='ltr' id='par_1_11' title="bbox 312 3173 1438 3404">
     <span class='ocr_line' id='line_1_31' title="bbox 348 3173 1437 3252; baseline 0.007 -24"><span class='ocrx_word' id='word_1_254' title='bbox 348 3173 449 3252; x_wconf 69' lang='lat' dir='ltr'><strong>Lepta]</strong></span> <span class='ocrx_word' id='word_1_255' title='bbox 479 3177 514 3242; x_wconf 80' lang='lat' dir='ltr'><strong>Q.</strong></span> <span class='ocrx_word' id='word_1_256' title='bbox 536 3177 639 3245; x_wconf 79' lang='lat' dir='ltr'><strong>Leptae,</strong></span> <span class='ocrx_word' id='word_1_257' title='bbox 661 3192 715 3246; x_wconf 90' lang='lat' dir='ltr'><strong>quo</strong></span> <span class='ocrx_word' id='word_1_258' title='bbox 738 3175 857 3230; x_wconf 84' lang='lat' dir='ltr'><strong>Fabrnm</strong></span> <span class='ocrx_word' id='word_1_259' title='bbox 893 3177 974 3230; x_wconf 89' lang='lat' dir='ltr'><strong>simos</strong></span> <span class='ocrx_word' id='word_1_260' title='bbox 984 3178 1101 3247; x_wconf 72' lang='lat' dir='ltr'><strong>legerat:</strong></span> <span class='ocrx_word' id='word_1_261' title='bbox 1117 3181 1437 3251; x_wconf 79' lang='lat' dir='ltr'><strong>enppieriteninaiilese·</strong></span> 
     </span>
     <span class='ocr_line' id='line_1_32' title="bbox 312 3255 1438 3330; baseline 0 -16"><span class='ocrx_word' id='word_1_262' title='bbox 312 3255 857 3330; x_wconf 72' lang='lat' dir='ltr'><strong>praeieotoueuseetCieeroprooonsuiin</strong></span> <span class='ocrx_word' id='word_1_263' title='bbox 888 3261 999 3317; x_wconf 83' lang='lat' dir='ltr'><strong>natum:</strong></span> <span class='ocrx_word' id='word_1_264' title='bbox 1027 3273 1092 3312; x_wconf 83' lang='lat' dir='ltr'><strong>nam</strong></span> <span class='ocrx_word' id='word_1_265' title='bbox 1110 3261 1191 3314; x_wconf 79' lang='lat' dir='ltr'><strong>inuiti</strong></span> <span class='ocrx_word' id='word_1_266' title='bbox 1213 3260 1339 3316; x_wconf 81' lang='lat' dir='ltr'><strong>eirilibns</strong></span> <span class='ocrx_word' id='word_1_267' title='bbox 1361 3261 1438 3315; x_wconf 86' lang='lat' dir='ltr'><strong>bellis</strong></span> 
     </span>
     <span class='ocr_line' id='line_1_33' title="bbox 314 3331 1369 3404; baseline 0.002 -12"><span class='ocrx_word' id='word_1_268' title='bbox 314 3338 419 3394; x_wconf 82' lang='lat' dir='ltr'><strong>Cilicia.</strong></span> <span class='ocrx_word' id='word_1_269' title='bbox 455 3335 542 3404; x_wconf 87' lang='lat' dir='ltr'><strong>Epist.</strong></span> <span class='ocrx_word' id='word_1_270' title='bbox 554 3339 580 3390; x_wconf 85' lang='lat'><strong>7.</strong></span> <span class='ocrx_word' id='word_1_271' title='bbox 592 3334 639 3388; x_wconf 87' lang='lat' dir='ltr'><strong>lib.</strong></span> <span class='ocrx_word' id='word_1_272' title='bbox 652 3334 707 3388; x_wconf 92' lang='lat'><strong>111.</strong></span> <span class='ocrx_word' id='word_1_273' title='bbox 743 3331 822 3388; x_wconf 75' lang='lat' dir='ltr'><strong>nne.</strong></span> <span class='ocrx_word' id='word_1_274' title='bbox 893 3335 1035 3401; x_wconf 79' lang='lat' dir='ltr'><strong>Senatores</strong></span> <span class='ocrx_word' id='word_1_275' title='bbox 1050 3338 1212 3394; x_wconf 80' lang='lat' dir='ltr'><strong>deiecerant.</strong></span> <span class='ocrx_word' id='word_1_276' title='bbox 1245 3337 1369 3395; x_wconf 79' lang='lat' dir='ltr'><strong>Vrcroa.</strong></span> 
     </span>
    </p>

    <p class='ocr_par' dir='ltr' id='par_1_12' title="bbox 314 3411 1438 4191">
     <span class='ocr_line' id='line_1_34' title="bbox 350 3411 1438 3488; baseline 0.003 -18"><span class='ocrx_word' id='word_1_277' title='bbox 350 3417 386 3471; x_wconf 81' lang='lat' dir='ltr'><strong>Ia</strong></span> <span class='ocrx_word' id='word_1_278' title='bbox 398 3412 464 3488; x_wconf 75' lang='lat' dir='ltr'><strong>lege]</strong></span> <span class='ocrx_word' id='word_1_279' title='bbox 475 3415 565 3479; x_wconf 84' lang='lat' dir='ltr'><strong>Quam</strong></span> <span class='ocrx_word' id='word_1_280' title='bbox 577 3415 677 3480; x_wconf 79' lang='lat' dir='ltr'><strong>Caesar,</strong></span> <span class='ocrx_word' id='word_1_281' title='bbox 685 3411 733 3467; x_wconf 85' lang='lat' dir='ltr'><strong>abi</strong></span> <span class='ocrx_word' id='word_1_282' title='bbox 741 3411 857 3466; x_wconf 86' lang='lat' dir='ltr'><strong>Romam</strong></span> <span class='ocrx_word' id='word_1_283' title='bbox 927 3411 1166 3485; x_wconf 73' lang='lat' dir='ltr'><strong>IsaramaJForte,</strong></span> <span class='ocrx_word' id='word_1_284' title='bbox 1174 3419 1332 3474; x_wconf 66' lang='lat' dir='ltr'><strong>inm</strong></span> <span class='ocrx_word' id='word_1_285' title='bbox 1345 3421 1438 3476; x_wconf 76' lang='lat' dir='ltr'><strong>Laris.</strong></span> 
     </span>
     <span class='ocr_line' id='line_1_35' title="bbox 315 3489 1438 3566; baseline -0.001 -14"><span class='ocrx_word' id='word_1_286' title='bbox 315 3515 350 3552; x_wconf 84' lang='lat' dir='ltr'><strong>ex</strong></span> <span class='ocrx_word' id='word_1_287' title='bbox 360 3494 494 3564; x_wconf 77' lang='lat' dir='ltr'><strong>Hispania</strong></span> <span class='ocrx_word' id='word_1_288' title='bbox 502 3494 662 3560; x_wconf 79' lang='lat' dir='ltr'><strong>revertisset,</strong></span> <span class='ocrx_word' id='word_1_289' title='bbox 678 3493 745 3545; x_wconf 83' lang='lat' dir='ltr'><strong>serre</strong></span> <span class='ocrx_word' id='word_1_290' title='bbox 756 3492 858 3561; x_wconf 70' lang='lat' dir='ltr'><strong>eogita-</strong></span> <span class='ocrx_word' id='word_1_291' title='bbox 928 3489 1092 3564; x_wconf 72' lang='lat' dir='ltr'><strong>Pmrrper&#39;aeii]</strong></span> <span class='ocrx_word' id='word_1_292' title='bbox 1104 3495 1227 3560; x_wconf 71' lang='lat' dir='ltr'><strong>Gnaeum,</strong></span> <span class='ocrx_word' id='word_1_293' title='bbox 1236 3497 1333 3566; x_wconf 77' lang='lat' dir='ltr'><strong>Magni</strong></span> <span class='ocrx_word' id='word_1_294' title='bbox 1343 3499 1438 3564; x_wconf 85' lang='lat' dir='ltr'><strong>tilium,</strong></span> 
     </span>
     <span class='ocr_line' id='line_1_36' title="bbox 314 3569 1438 3644; baseline -0.003 -15"><span class='ocrx_word' id='word_1_295' title='bbox 314 3577 375 3630; x_wconf 88' lang='lat' dir='ltr'><strong>bat:</strong></span> <span class='ocrx_word' id='word_1_296' title='bbox 393 3573 536 3642; x_wconf 80' lang='lat' dir='ltr'><strong>scripserat</strong></span> <span class='ocrx_word' id='word_1_297' title='bbox 554 3575 645 3625; x_wconf 89' lang='lat' dir='ltr'><strong>autem</strong></span> <span class='ocrx_word' id='word_1_298' title='bbox 663 3571 707 3624; x_wconf 83' lang='lat' dir='ltr'><strong>vel</strong></span> <span class='ocrx_word' id='word_1_299' title='bbox 725 3570 782 3640; x_wconf 86' lang='lat' dir='ltr'><strong>ipse</strong></span> <span class='ocrx_word' id='word_1_300' title='bbox 794 3575 857 3623; x_wconf 88' lang='lat' dir='ltr'><strong>anto</strong></span> <span class='ocrx_word' id='word_1_301' title='bbox 892 3569 951 3638; x_wconf 84' lang='lat' dir='ltr'><strong>qui,</strong></span> <span class='ocrx_word' id='word_1_302' title='bbox 963 3571 998 3624; x_wconf 86' lang='lat' dir='ltr'><strong>ad</strong></span> <span class='ocrx_word' id='word_1_303' title='bbox 1010 3571 1145 3627; x_wconf 84' lang='lat' dir='ltr'><strong>Mundam</strong></span> <span class='ocrx_word' id='word_1_304' title='bbox 1162 3575 1259 3638; x_wconf 77' lang='lat' dir='ltr'><strong>rioms,</strong></span> <span class='ocrx_word' id='word_1_305' title='bbox 1278 3577 1438 3644; x_wconf 79' lang='lat' dir='ltr'><strong>paulopost</strong></span> 
     </span>
     <span class='ocr_line' id='line_1_37' title="bbox 314 3647 1264 3727; baseline -0.003 -19"><span class='ocrx_word' id='word_1_306' title='bbox 314 3669 397 3727; x_wconf 75' lang='lat' dir='ltr'><strong>qnam</strong></span> <span class='ocrx_word' id='word_1_307' title='bbox 417 3652 468 3705; x_wconf 86' lang='lat' dir='ltr'><strong>iret</strong></span> <span class='ocrx_word' id='word_1_308' title='bbox 486 3651 515 3703; x_wconf 87' lang='lat' dir='ltr'><strong>in</strong></span> <span class='ocrx_word' id='word_1_309' title='bbox 531 3649 700 3719; x_wconf 81' lang='lat' dir='ltr'><strong>Hispaniam,</strong></span> <span class='ocrx_word' id='word_1_310' title='bbox 722 3649 774 3715; x_wconf 82' lang='lat' dir='ltr'><strong>rei,</strong></span> <span class='ocrx_word' id='word_1_311' title='bbox 796 3653 859 3718; x_wconf 91' lang='lat' dir='ltr'><strong>post</strong></span> <span class='ocrx_word' id='word_1_312' title='bbox 893 3647 1112 3705; x_wconf 82' lang='lat' dir='ltr'><strong>interieetnsest</strong></span> <span class='ocrx_word' id='word_1_313' title='bbox 1148 3651 1264 3705; x_wconf 75' lang='lat' dir='ltr'><strong>Miser.</strong></span> 
     </span>
     <span class='ocr_line' id='line_1_38' title="bbox 314 3725 1437 3804; baseline -0.004 -17"><span class='ocrx_word' id='word_1_314' title='bbox 314 3731 515 3804; x_wconf 80' lang='lat' dir='ltr'><strong>profectionem,</strong></span> <span class='ocrx_word' id='word_1_315' title='bbox 526 3727 630 3782; x_wconf 86' lang='lat' dir='ltr'><strong>Balbus</strong></span> <span class='ocrx_word' id='word_1_316' title='bbox 640 3734 668 3782; x_wconf 88' lang='lat' dir='ltr'><strong>et</strong></span> <span class='ocrx_word' id='word_1_317' title='bbox 675 3727 771 3798; x_wconf 85' lang='lat' dir='ltr'><strong>reliqui</strong></span> <span class='ocrx_word' id='word_1_318' title='bbox 782 3726 860 3781; x_wconf 82' lang='lat' dir='ltr'><strong>iami-</strong></span> <span class='ocrx_word' id='word_1_319' title='bbox 928 3725 1054 3796; x_wconf 82' lang='lat' dir='ltr'><strong>Peeioeea]</strong></span> <span class='ocrx_word' id='word_1_320' title='bbox 1073 3729 1107 3782; x_wconf 88' lang='lat' dir='ltr'><strong>L.</strong></span> <span class='ocrx_word' id='word_1_321' title='bbox 1125 3728 1201 3783; x_wconf 73' lang='lat' dir='ltr'><strong>iunii</strong></span> <span class='ocrx_word' id='word_1_322' title='bbox 1225 3729 1350 3794; x_wconf 81' lang='lat' dir='ltr'><strong>Psoireoi,</strong></span> <span class='ocrx_word' id='word_1_323' title='bbox 1373 3729 1437 3782; x_wconf 85' lang='lat' dir='ltr'><strong>His·</strong></span> 
     </span>
     <span class='ocr_line' id='line_1_39' title="bbox 314 3806 1438 3876; baseline -0.004 -10"><span class='ocrx_word' id='word_1_324' title='bbox 314 3813 403 3874; x_wconf 81' lang='lat' dir='ltr'><strong>lieres,</strong></span> <span class='ocrx_word' id='word_1_325' title='bbox 419 3825 454 3862; x_wconf 81' lang='lat' dir='ltr'><strong>ex</strong></span> <span class='ocrx_word' id='word_1_326' title='bbox 474 3807 532 3876; x_wconf 79' lang='lat' dir='ltr'><strong>ejus</strong></span> <span class='ocrx_word' id='word_1_327' title='bbox 548 3809 695 3862; x_wconf 82' lang='lat' dir='ltr'><strong>sententia:</strong></span> <span class='ocrx_word' id='word_1_328' title='bbox 714 3811 745 3860; x_wconf 92' lang='lat' dir='ltr'><strong>nt</strong></span> <span class='ocrx_word' id='word_1_329' title='bbox 759 3807 819 3876; x_wconf 85' lang='lat' dir='ltr'><strong>ipso</strong></span> <span class='ocrx_word' id='word_1_330' title='bbox 829 3807 859 3860; x_wconf 93' lang='lat' dir='ltr'><strong>in</strong></span> <span class='ocrx_word' id='word_1_331' title='bbox 893 3808 956 3874; x_wconf 85' lang='lat' dir='ltr'><strong>pani</strong></span> <span class='ocrx_word' id='word_1_332' title='bbox 964 3807 1089 3872; x_wconf 88' lang='lat' dir='ltr'><strong>hominis,</strong></span> <span class='ocrx_word' id='word_1_333' title='bbox 1102 3807 1224 3862; x_wconf 83' lang='lat' dir='ltr'><strong>Romana</strong></span> <span class='ocrx_word' id='word_1_334' title='bbox 1236 3806 1344 3862; x_wconf 79' lang='lat' dir='ltr'><strong>civitate</strong></span> <span class='ocrx_word' id='word_1_335' title='bbox 1355 3806 1438 3861; x_wconf 80' lang='lat' dir='ltr'><strong>dona·</strong></span> 
     </span>
     <span class='ocr_line' id='line_1_40' title="bbox 315 3883 1438 3955; baseline -0.004 -12"><span class='ocrx_word' id='word_1_336' title='bbox 315 3891 411 3948; x_wconf 87' lang='lat' dir='ltr'><strong>urbem</strong></span> <span class='ocrx_word' id='word_1_337' title='bbox 421 3901 525 3941; x_wconf 82' lang='lat' dir='ltr'><strong>reverso</strong></span> <span class='ocrx_word' id='word_1_338' title='bbox 537 3885 757 3955; x_wconf 75' lang='lat' dir='ltr'><strong>promulgaretur,</strong></span> <span class='ocrx_word' id='word_1_339' title='bbox 770 3889 798 3937; x_wconf 90' lang='lat' dir='ltr'><strong>et</strong></span> <span class='ocrx_word' id='word_1_340' title='bbox 808 3885 860 3938; x_wconf 82' lang='lat' dir='ltr'><strong>ier·</strong></span> <span class='ocrx_word' id='word_1_341' title='bbox 893 3884 929 3939; x_wconf 86' lang='lat' dir='ltr'><strong>ti:</strong></span> <span class='ocrx_word' id='word_1_342' title='bbox 948 3887 1022 3954; x_wconf 88' lang='lat' dir='ltr'><strong>qnod</strong></span> <span class='ocrx_word' id='word_1_343' title='bbox 1035 3901 1189 3953; x_wconf 81' lang='lat' dir='ltr'><strong>praenomen</strong></span> <span class='ocrx_word' id='word_1_344' title='bbox 1207 3888 1236 3938; x_wconf 94' lang='lat' dir='ltr'><strong>et</strong></span> <span class='ocrx_word' id='word_1_345' title='bbox 1254 3899 1354 3940; x_wconf 89' lang='lat' dir='ltr'><strong>nornen</strong></span> <span class='ocrx_word' id='word_1_346' title='bbox 1368 3883 1438 3939; x_wconf 90' lang='lat' dir='ltr'><strong>indi·</strong></span> 
     </span>
     <span class='ocr_line' id='line_1_41' title="bbox 315 3962 1085 4036; baseline -0.017 -9"><span class='ocrx_word' id='word_1_347' title='bbox 315 3975 396 4026; x_wconf 86' lang='lat' dir='ltr'><strong>retur.</strong></span> <span class='ocrx_word' id='word_1_348' title='bbox 433 3965 514 4034; x_wconf 84' lang='lat' dir='ltr'><strong>Nam,</strong></span> <span class='ocrx_word' id='word_1_349' title='bbox 524 3965 546 4017; x_wconf 89' lang='lat' dir='ltr'><strong>si</strong></span> <span class='ocrx_word' id='word_1_350' title='bbox 556 3965 718 4032; x_wconf 83' lang='lat' dir='ltr'><strong>lataiuisaet,</strong></span> <span class='ocrx_word' id='word_1_351' title='bbox 726 3966 768 4018; x_wconf 84' lang='lat' dir='ltr'><strong>vei</strong></span> <span class='ocrx_word' id='word_1_352' title='bbox 776 3964 859 4017; x_wconf 86' lang='lat' dir='ltr'><strong>etiam</strong></span> <span class='ocrx_word' id='word_1_353' title='bbox 894 3967 968 4036; x_wconf 77' lang='lat' dir='ltr'><strong>eant.</strong></span> <span class='ocrx_word' id='word_1_354' title='bbox 1000 3962 1085 4016; x_wconf 88' lang='lat' dir='ltr'><strong>Iners.</strong></span> 
     </span>
     <span class='ocr_line' id='line_1_42' title="bbox 315 4037 1438 4120; baseline -0.01 -15"><span class='ocrx_word' id='word_1_355' title='bbox 315 4047 493 4120; x_wconf 71' lang='lat' dir='ltr'><strong>promulgato,</strong></span> <span class='ocrx_word' id='word_1_356' title='bbox 504 4057 558 4096; x_wconf 87' lang='lat' dir='ltr'><strong>non</strong></span> <span class='ocrx_word' id='word_1_357' title='bbox 573 4058 590 4093; x_wconf 87' lang='lat' dir='ltr'><strong>a</strong></span> <span class='ocrx_word' id='word_1_358' title='bbox 605 4042 701 4110; x_wconf 82' lang='lat' dir='ltr'><strong>Balbo,</strong></span> <span class='ocrx_word' id='word_1_359' title='bbox 712 4042 815 4112; x_wconf 88' lang='lat' dir='ltr'><strong>qnidin</strong></span> <span class='ocrx_word' id='word_1_360' title='bbox 827 4057 861 4096; x_wconf 83' lang='lat' dir='ltr'><strong>ea</strong></span> <span class='ocrx_word' id='word_1_361' title='bbox 928 4037 1100 4112; x_wconf 75' lang='lat' dir='ltr'><strong>Tontsmdem]</strong></span> <span class='ocrx_word' id='word_1_362' title='bbox 1112 4039 1438 4112; x_wconf 84' lang='lat' dir='ltr'><strong>Imperitenonnuiiieori-</strong></span> 
     </span>
     <span class='ocr_line' id='line_1_43' title="bbox 316 4115 1438 4191; baseline -0.005 -11"><span class='ocrx_word' id='word_1_363' title='bbox 316 4129 395 4191; x_wconf 85' lang='lat' dir='ltr'><strong>esset,</strong></span> <span class='ocrx_word' id='word_1_364' title='bbox 403 4121 653 4190; x_wconf 82' lang='lat' dir='ltr'><strong>Gioeroqnaesisaet</strong></span> <span class='ocrx_word' id='word_1_365' title='bbox 687 4122 773 4175; x_wconf 85' lang='lat' dir='ltr'><strong>lnars.</strong></span> <span class='ocrx_word' id='word_1_366' title='bbox 895 4115 1161 4181; x_wconf 72' lang='lat' dir='ltr'><strong>buntTmtreadeea</strong></span> <span class='ocrx_word' id='word_1_367' title='bbox 1196 4118 1266 4171; x_wconf 81' lang='lat' dir='ltr'><strong>Nam</strong></span> <span class='ocrx_word' id='word_1_368' title='bbox 1286 4117 1438 4174; x_wconf 76' lang='lat' dir='ltr'><strong>Priscianus</strong></span> 
     </span>
    </p>

    <p class='ocr_par' dir='ltr' id='par_1_13' title="bbox 284 4195 1497 4659">
     <span class='ocr_line' id='line_1_44' title="bbox 351 4195 1439 4271; baseline -0.006 -13"><span class='ocrx_word' id='word_1_369' title='bbox 351 4196 552 4271; x_wconf 70' lang='lat' dir='ltr'><strong>Decurionibus]</strong></span> <span class='ocrx_word' id='word_1_370' title='bbox 570 4200 710 4254; x_wconf 84' lang='lat' dir='ltr'><strong>Senatores</strong></span> <span class='ocrx_word' id='word_1_371' title='bbox 729 4198 772 4252; x_wconf 82' lang='lat' dir='ltr'><strong>rei</strong></span> <span class='ocrx_word' id='word_1_372' title='bbox 789 4197 861 4251; x_wconf 87' lang='lat' dir='ltr'><strong>eoio-</strong></span> <span class='ocrx_word' id='word_1_373' title='bbox 894 4196 941 4249; x_wconf 90' lang='lat' dir='ltr'><strong>lib.</strong></span> <span class='ocrx_word' id='word_1_374' title='bbox 949 4195 974 4248; x_wconf 90' lang='lat'><strong>1.</strong></span> <span class='ocrx_word' id='word_1_375' title='bbox 988 4196 1122 4262; x_wconf 90' lang='lat' dir='ltr'><strong>admonet,</strong></span> <span class='ocrx_word' id='word_1_376' title='bbox 1139 4216 1166 4250; x_wconf 83' lang='lat' dir='ltr'><strong>er</strong></span> <span class='ocrx_word' id='word_1_377' title='bbox 1181 4195 1292 4250; x_wconf 68' lang='lat' dir='ltr'><strong>mandre</strong></span> <span class='ocrx_word' id='word_1_378' title='bbox 1307 4196 1336 4249; x_wconf 93' lang='lat' dir='ltr'><strong>in</strong></span> <span class='ocrx_word' id='word_1_379' title='bbox 1353 4213 1380 4263; x_wconf 82' lang='lat' dir='ltr'><strong>a,</strong></span> <span class='ocrx_word' id='word_1_380' title='bbox 1398 4215 1439 4252; x_wconf 89' lang='lat' dir='ltr'><strong>ae·</strong></span> 
     </span>
     <span class='ocr_line' id='line_1_45' title="bbox 318 4275 1438 4348; baseline -0.008 -12"><span class='ocrx_word' id='word_1_381' title='bbox 318 4283 430 4348; x_wconf 85' lang='lat' dir='ltr'><strong>niarnm,</strong></span> <span class='ocrx_word' id='word_1_382' title='bbox 449 4282 492 4336; x_wconf 81' lang='lat' dir='ltr'><strong>vel</strong></span> <span class='ocrx_word' id='word_1_383' title='bbox 513 4279 728 4348; x_wconf 80' lang='lat' dir='ltr'><strong>municipiorum,</strong></span> <span class='ocrx_word' id='word_1_384' title='bbox 748 4275 861 4329; x_wconf 60' lang='lat' dir='ltr'><strong>m</strong></span> <span class='ocrx_word' id='word_1_385' title='bbox 896 4275 1041 4344; x_wconf 81' lang='lat' dir='ltr'><strong>qnantibna</strong></span> <span class='ocrx_word' id='word_1_386' title='bbox 1059 4275 1085 4341; x_wconf 84' lang='lat' dir='ltr'><strong>d,</strong></span> <span class='ocrx_word' id='word_1_387' title='bbox 1103 4286 1123 4342; x_wconf 83' lang='lat' dir='ltr'><strong>t,</strong></span> <span class='ocrx_word' id='word_1_388' title='bbox 1140 4279 1242 4346; x_wconf 80' lang='lat' dir='ltr'><strong>e‚p‚nt</strong></span> <span class='ocrx_word' id='word_1_389' title='bbox 1259 4285 1312 4329; x_wconf 76' lang='lat' dir='ltr'><strong>tara</strong></span> <span class='ocrx_word' id='word_1_390' title='bbox 1328 4275 1438 4343; x_wconf 68' lang='lat' dir='ltr'><strong>tuden,</strong></span> 
     </span>
     <span class='ocr_line' id='line_1_46' title="bbox 318 4352 1497 4426; baseline -0.003 -16"><span class='ocrx_word' id='word_1_391' title='bbox 318 4373 363 4410; x_wconf 80' lang='lat' dir='ltr'><strong>ser</strong></span> <span class='ocrx_word' id='word_1_392' title='bbox 377 4361 551 4413; x_wconf 79' lang='lat' dir='ltr'><strong>vocabantur.</strong></span> <span class='ocrx_word' id='word_1_393' title='bbox 587 4357 624 4410; x_wconf 83' lang='lat' dir='ltr'><strong>Et</strong></span> <span class='ocrx_word' id='word_1_394' title='bbox 640 4361 671 4407; x_wconf 89' lang='lat' dir='ltr'><strong>ut</strong></span> <span class='ocrx_word' id='word_1_395' title='bbox 686 4353 801 4406; x_wconf 84' lang='lat' dir='ltr'><strong>Romam</strong></span> <span class='ocrx_word' id='word_1_396' title='bbox 825 4353 860 4406; x_wconf 86' lang='lat' dir='ltr'><strong>ad</strong></span> <span class='ocrx_word' id='word_1_397' title='bbox 896 4359 995 4406; x_wconf 74' lang='lat' dir='ltr'><strong>tentare</strong></span> <span class='ocrx_word' id='word_1_398' title='bbox 1023 4355 1178 4422; x_wconf 69' lang='lat' dir='ltr'><strong>mwidea,</strong></span> <span class='ocrx_word' id='word_1_399' title='bbox 1203 4352 1271 4406; x_wconf 77' lang='lat' dir='ltr'><strong>idem</strong></span> <span class='ocrx_word' id='word_1_400' title='bbox 1295 4353 1439 4426; x_wconf 58' lang='lat' dir='ltr'><strong>mnam,</strong></span> <span class='ocrx_word' id='word_1_401' title='bbox 1493 4364 1497 4373; x_wconf 91' lang='grc'><strong>’</strong></span> 
     </span>
     <span class='ocr_line' id='line_1_47' title="bbox 284 4430 1205 4504; baseline 0.002 -18"><span class='ocrx_word' id='word_1_402' title='bbox 284 4499 287 4504; x_wconf 73' lang='lat'><strong>,</strong></span> <span class='ocrx_word' id='word_1_403' title='bbox 320 4437 442 4489; x_wconf 86' lang='lat' dir='ltr'><strong>senatum</strong></span> <span class='ocrx_word' id='word_1_404' title='bbox 458 4437 590 4503; x_wconf 86' lang='lat' dir='ltr'><strong>eonsules,</strong></span> <span class='ocrx_word' id='word_1_405' title='bbox 606 4435 645 4487; x_wconf 86' lang='lat' dir='ltr'><strong>ita</strong></span> <span class='ocrx_word' id='word_1_406' title='bbox 661 4435 693 4485; x_wconf 90' lang='lat' dir='ltr'><strong>nt</strong></span> <span class='ocrx_word' id='word_1_407' title='bbox 708 4430 860 4500; x_wconf 79' lang='lat' dir='ltr'><strong>municipiis</strong></span> <span class='ocrx_word' id='word_1_408' title='bbox 895 4431 1085 4486; x_wconf 67' lang='lat' dir='ltr'><strong>maenadi</strong></span> <span class='ocrx_word' id='word_1_409' title='bbox 1119 4432 1205 4488; x_wconf 79' lang='lat' dir='ltr'><strong>loen.</strong></span> 
     </span>
     <span class='ocr_line' id='line_1_48' title="bbox 320 4508 1440 4586; baseline -0.002 -20"><span class='ocrx_word' id='word_1_410' title='bbox 320 4509 860 4586; x_wconf 68' lang='lat' dir='ltr'><strong>addeenriorresqamaoroiri,inooioniis</strong></span> <span class='ocrx_word' id='word_1_411' title='bbox 931 4508 1045 4582; x_wconf 79' lang='lat' dir='ltr'><strong>Portas]</strong></span> <span class='ocrx_word' id='word_1_412' title='bbox 1063 4511 1109 4566; x_wconf 83' lang='lat' dir='ltr'><strong>Ex</strong></span> <span class='ocrx_word' id='word_1_413' title='bbox 1124 4511 1331 4581; x_wconf 76' lang='lat' dir='ltr'><strong>partir&#39;l&#39;nlliam</strong></span> <span class='ocrx_word' id='word_1_414' title='bbox 1348 4512 1440 4565; x_wconf 82' lang='lat' dir='ltr'><strong>deaes-</strong></span> 
     </span>
     <span class='ocr_line' id='line_1_49' title="bbox 320 4587 1440 4659; baseline -0.003 -13"><span class='ocrx_word' id='word_1_415' title='bbox 320 4589 398 4646; x_wconf 74' lang='lat' dir='ltr'><strong>eres</strong></span> <span class='ocrx_word' id='word_1_416' title='bbox 416 4591 466 4646; x_wconf 74' lang='lat' dir='ltr'><strong>etri</strong></span> <span class='ocrx_word' id='word_1_417' title='bbox 485 4591 640 4647; x_wconf 76' lang='lat' dir='ltr'><strong>referebant.</strong></span> <span class='ocrx_word' id='word_1_418' title='bbox 688 4590 731 4646; x_wconf 78' lang='lat' dir='ltr'><strong>Ae</strong></span> <span class='ocrx_word' id='word_1_419' title='bbox 753 4588 861 4644; x_wconf 84' lang='lat' dir='ltr'><strong>nomine</strong></span> <span class='ocrx_word' id='word_1_420' title='bbox 898 4587 971 4659; x_wconf 79' lang='lat' dir='ltr'><strong>sisse,</strong></span> <span class='ocrx_word' id='word_1_421' title='bbox 982 4591 1144 4648; x_wconf 78' lang='lat' dir='ltr'><strong>Plutarchus</strong></span> <span class='ocrx_word' id='word_1_422' title='bbox 1155 4595 1307 4647; x_wconf 80' lang='lat' dir='ltr'><strong>auctorest</strong></span> <span class='ocrx_word' id='word_1_423' title='bbox 1337 4587 1440 4656; x_wconf 65' lang='lat' dir='ltr'><strong>Barea</strong></span> 
     </span>
    </p>
   </div>
   <div class='ocr_carea' id='block_1_8' title="bbox 0 0 1628 5175">
    <p class='ocr_par' dir='ltr' id='par_1_14' title="bbox 0 0 1628 5175">
     <span class='ocr_line' id='line_1_50' title="bbox 0 0 1628 5175; baseline 0 0"><span class='ocrx_word' id='word_1_424' title='bbox 0 0 1628 5175; x_wconf 95' lang='lat' dir='ltr'><strong> </strong></span> 
     </span>
    </p>
   </div>
  </div>
 </body>
</html>
