3225 5175
580 364 930 424 nnnrsrsonns.
993 326 996 337 ’
1239 371 1313 441 295

116 526 118 529 ·
203 502 651 558 larumstndiosisridearattnlisse·
665 504 736 559 iimo
775 522 835 561 ram
853 509 927 562 libris
947 506 1100 575 dcsldersti,
1108 512 1143 563 nt
1159 510 1258 573 rimae
1278 528 1315 567 na

205 582 739 650 tubunigneleotnnitalegesntalrlrc-
775 586 1310 658 vianideminseniriposseviderentnr,

205 660 468 730 mineproteota,qoi
479 676 562 713 unum
574 661 738 728 illndegcrit,
776 666 887 719 ousiosis
904 665 1050 734 quaerenda
1066 664 1230 731 reliquimus,
1244 684 1314 735 pras·

205 740 237 789 ut
254 738 302 791 tibi
320 740 464 807 prodesset,
479 739 633 807 putaritqne
651 740 679 792 id
696 742 739 793 rel
776 743 902 795 sertimsi
918 758 952 794 ea
964 758 1093 809 cognosse
1110 746 1263 812 nonmagni
1274 762 1316 798 re·

205 816 353 869 maximum
371 831 481 869 snorum
499 816 618 868 laborum
637 818 741 885 prsnmi·
776 820 845 873 tenu
861 820 1029 889 putarimus:
1045 821 1092 873 illa
1105 822 1244 885 terquino
1254 825 1316 891 qui·

206 893 326 959 musore,
344 896 366 948 si
385 897 495 949 idessct
507 900 681 959 consecutum
701 902 741 947 at·
778 898 829 950 laiss
846 914 889 949 res
910 898 1022 965 intelligi
1038 914 1098 955 noo,
1107 902 1219 965 poterat,
1231 916 1314 969 quam

208 987 270 1039 qne,
282 980 312 1026 ut
324 990 357 1027 aa
367 972 532 1027 commodius
540 973 622 1040 luges,
632 978 659 1025 et
669 973 741 1026 meli·
778 976 979 1042 diligentissime
991 976 1135 1044 potuimus,
1146 992 1238 1031 snmus
1255 996 1315 1048 per·

206 1064 239 1101 us
250 1050 391 1119 intelligas,
406 1052 493 1119 placet
510 1051 648 1113 rationem,
659 1066 741 1121 quam
779 1055 874 1115 menti,
883 1068 971 1122 neque
982 1060 1071 1105 tasnen
1079 1054 1263 1122 ueritisurnus,
1270 1074 1314 1123 ne,

208 1130 295 1181 secuti
307 1130 507 1197 snmus,pancis
518 1144 660 1197 exponere.
695 1131 743 1183 Li·
779 1132 868 1198 quain
879 1148 908 1183 re
918 1132 1009 1184 multis
1019 1132 1225 1200 estCiceroipse
1233 1135 1262 1187 in
1273 1135 1314 1190 isis

207 1204 286 1259 bruna
303 1207 385 1275 igitur
403 1222 464 1261 cum
477 1208 551 1267 libro,
562 1222 618 1259 rem
631 1222 693 1261 curn
704 1222 741 1267 rn.
777 1209 924 1277 prasertim
942 1208 1070 1276 epistolis,
1080 1209 1108 1259 in
1126 1224 1160 1261 ea
1175 1224 1224 1262 nos
1235 1212 1314 1267 nimis

209 1290 423 1353 attempuscum
433 1286 742 1354 temporeitaccnjnnxi·
778 1286 875 1339 curiosi
886 1303 944 1339 esse
956 1286 1115 1340 videremur.
1148 1288 1239 1356 Atque
1248 1291 1313 1344 illud

151 1386 154 1393 ¹
207 1366 325 1426 musut,
341 1364 414 1433 qnod
425 1364 744 1431 scripsitCorneliuan·
777 1364 887 1432 quidem
902 1364 930 1415 in
949 1364 1041 1432 primis
1056 1365 1316 1429 convincantCi·

207 1440 751 1511 pos,qnisaxdenimnmrotnninaepts·,
777 1442 881 1494 coronis
891 1442 1017 1510 epistolas
1027 1458 1062 1493 est
1071 1441 1207 1495 Ciceronis
1217 1446 1315 1512 episto-

207 1518 320 1571 lolarusn
328 1519 362 1571 ab
370 1520 508 1571 consulatu
515 1518 650 1573 Ciceronis
657 1535 741 1589 usquo
778 1520 981 1588 lis,cseterisque
992 1520 1051 1585 ejus
1062 1520 1136 1572 libris
1148 1521 1314 1588 potissimum

208 1596 243 1648 ad
263 1602 413 1650 extremum
438 1604 544 1665 ternpus
563 1598 597 1650 ad
619 1597 741 1652 Atticum
777 1598 1016 1665 interpretaremur,
1027 1601 1056 1649 et
1067 1612 1140 1665 sarpa
1151 1598 1238 1652 locum
1250 1599 1314 1655 crim

208 1673 346 1727 missarum
359 1676 438 1742 legat,
450 1688 503 1725 non
516 1676 628 1728 multum
639 1676 743 1730 deside·
777 1674 838 1727 loco
846 1675 1034 1727 conferremus.
1053 1673 1164 1737 Quodsi
1175 1676 1315 1757 tortaquid

206 1755 247 1803 ret
258 1751 392 1805 historiam
404 1754 557 1805 contextam
565 1768 656 1806 eornm
675 1760 742 1807 tem-
778 1752 903 1816 omnum,
913 1752 1040 1805 ntrnulta
1049 1755 1315 1815 occurrereubicas-

206 1842 309 1897 porum.
353 1830 391 1882 Et
410 1846 475 1883 sana
495 1830 589 1883 Cicero
607 1830 741 1885 historiam
778 1834 894 1883 tororum
904 1829 1063 1897 scriptorum
1081 1828 1183 1882 auxilio
1197 1836 1269 1885 esset
1284 1851 1315 1887 o·

208 1907 740 1975 qoasicontexereridoturroluissc,cum
777 1907 1073 1977 puaunllnmtugimus
1091 1907 1210 1961 laborem
1225 1927 1314 1981 neque

208 1985 333 2051 epistolas
341 2000 394 2038 non
406 1986 493 2039 sulum
505 2000 575 2053 suas,
583 1987 629 2040 sed
641 1988 742 2041 alienas
777 1985 830 2039 illis
846 1984 1072 2053 ingenuamque
1090 1984 1139 2048 bis,
1156 2002 1218 2053 quae
1228 1992 1316 2045 multa

208 2062 289 2115 etiarn
310 2063 337 2116 in
360 2063 417 2117 haec
439 2064 576 2118 uolumina
592 2064 741 2118 tolerandas
778 2062 1314 2133 innimepistotiagraeoewnpdqmcra

207 2142 315 2195 curarit.
350 2140 485 2209 Epistulas
503 2143 638 2210 nosipsos
653 2144 743 2197 mullis
780 2140 921 2195 vertendis.
957 2142 1064 2206 Quibus
1075 2139 1314 2208 qnidaminrenns

207 2210 743 2288 locisitapernristas,etcont'usss,nttibi
779 2219 878 2272 nullius
896 2220 1032 2287 scriptoris
1052 2234 1159 2283 nomen,
1186 2223 1259 2287 quod
1284 2224 1315 2276 in

208 2295 288 2349 chaos
308 2297 443 2365 quoddam
463 2298 541 2367 plane
558 2298 692 2360 referrent,
707 2299 742 2351 ad
779 2298 875 2349 uostris
886 2295 1053 2351 familiarium
1060 2299 1155 2366 σχολίικ
1164 2299 1317 2353 scimnsde-

209 2372 345 2428 arbitrium
355 2375 695 2442 nostrumeloonjccturam
703 2392 743 2429 se·
779 2374 933 2440 sideratnm,
944 2375 1088 2428 tacuimus.
1124 2377 1315 2445 Aprimoqui·

210 2452 323 2515 culmus,
331 2458 360 2505 et
366 2453 512 2520 divisimus,
518 2454 644 2515 arbitrali,
651 2470 744 2524 quam-
779 2453 842 2507 dem
861 2455 970 2506 nonita
987 2455 1141 2521 cogitaram,
1156 2458 1187 2507 ut
1203 2454 1315 2509 minima

209 2532 249 2584 uis
259 2548 308 2586 suo
318 2548 424 2601 prorsus
437 2533 558 2587 loccnon
574 2532 670 2587 tuerint
687 2550 744 2588 sec·
779 2546 895 2602 quaeque
907 2532 983 2600 quasi
995 2533 1123 2601 interpres
1130 2549 1314 2602 persequerer:

209 2616 253 2675 tae,
265 2617 294 2664 et
308 2612 409 2679 divisae,
422 2612 460 2668 sic
482 2617 572 2666 umen
590 2619 618 2666 ct
635 2629 692 2666 rans
703 2619 744 2666 tn-
780 2611 827 2663 sed
844 2626 886 2663 me
905 2611 1086 2679 posteaatrei
1097 2617 1229 2681 susceptae
1240 2628 1315 2666 amor

207 2696 263 2744 tam
285 2690 390 2744 facilius
405 2691 525 2759 intelligi,
541 2696 577 2757 et,
594 2707 630 2744 ne
648 2690 743 2745 Mem
779 2693 807 2741 et
818 2689 969 2742 communis
980 2688 1080 2742 utilitas
1088 2689 1182 2752 morit,
1198 2697 1227 2742 et
1245 2705 1315 2757 perte

208 2769 306 2837 sapius
317 2773 506 2837 repeterentur,
518 2773 546 2822 ln
553 2770 637 2822 lector
646 2770 681 2822 ad
690 2769 744 2824 sin-
779 2766 892 2832 mcnuit,
904 2771 937 2819 ut
946 2765 1012 2820 nihil
1022 2768 1085 2830 iere,
1101 2764 1135 2819 da
1146 2784 1200 2837 qno
1211 2770 1253 2821 vel
1264 2768 1315 2822 du·

209 2847 287 2914 gulas
304 2847 430 2916 epistolas
444 2847 483 2901 ila
499 2863 610 2902 numero
627 2848 744 2916 signatas
778 2845 857 2898 bituri
879 2850 978 2914 posset,
992 2847 1233 2913 praetermitterem,
1244 2862 1312 2915 prae·

208 2925 373 2980 commodius
392 2923 467 2991 rejici
484 2940 576 2994 posse:
594 2926 743 2994 prmsertim
779 2923 903 2985 sertimsi
923 2925 957 2978 ab
971 2923 1030 2976 aliis
1048 2923 1124 2978 aliter
1142 2925 1185 2978 ael
1198 2924 1316 2992 descrip-

208 3017 270 3056 oum
281 3003 331 3058 sub
343 3002 438 3056 eodem
449 3017 562 3058 numero
570 3005 703 3073 epistolas,
716 3008 745 3058 st
779 3007 846 3066 turn,
857 3003 900 3056 sel
911 3001 1113 3069 interpretatum
1130 3001 1231 3056 luisset.
1266 3000 1316 3053 vi·
1353 3047 1357 3054 .

208 3091 238 3138 vt
248 3079 664 3152 sxtiunosuasimuscornplcsi.
688 3081 744 3135 Ne·
779 3080 875 3134 demus
890 3081 962 3134 enim
980 3080 1086 3132 nullum
1103 3096 1162 3134 esse
1172 3079 1315 3143 libmmin

210 3177 263 3229 que
272 3165 362 3214 umen
374 3173 422 3212 cur
431 3159 470 3213 ita
479 3159 628 3224 fecerimus,
639 3174 744 3228 semper
779 3165 899 3227 quotam
921 3157 1031 3222 librarii,
1053 3172 1135 3228 quarn
1156 3157 1317 3226 interpretes

209 3239 287 3292 nobis
297 3236 744 3292 rationemroddendamassedux·
779 3237 869 3290 minus
890 3252 989 3305 operm,
1011 3240 1039 3288 et
1060 3235 1142 3289 studii
1164 3237 1315 3305 posuerint:

208 3317 292 3370 imus:
303 3331 364 3384 quan
370 3319 398 3368 et
407 3315 493 3382 quivis
501 3331 550 3384 per
557 3332 586 3368 se
597 3316 744 3382 intelligere
780 3329 887 3382 semper
894 3319 985 3367 umen
996 3313 1244 3380 excipiorlndream
1252 3315 1319 3366 Cra·

209 3394 313 3465 polerit,
336 3395 365 3444 et
386 3407 435 3444 nos
456 3392 591 3446 brevitatis
608 3393 636 3446 in
653 3392 744 3460 primis
780 3392 914 3457 landrum,
923 3394 1031 3446 Petrum
1042 3392 1202 3458 Victoriam,
1209 3397 1238 3446 at
1247 3393 1317 3446 Pau-

208 3470 374 3529 studuimus:
392 3471 421 3523 in
432 3485 486 3538 qno
498 3469 607 3522 Graecos
617 3471 745 3538 interpra-
780 3471 838 3524 inm
848 3467 1014 3534 Manutium,
1025 3470 1073 3536 qui
1091 3485 1139 3537 pro
1156 3470 1224 3524 uirili
1241 3476 1318 3539 parte

207 3557 298 3614 :anet
308 3547 454 3618 prasertim
466 3546 641 3603 Homericum
652 3563 745 3602 summ
779 3545 943 3612 laborarunt,
964 3551 996 3600 ut
1016 3545 1115 3600 librum
1140 3547 1218 3601 nobis
1244 3548 1318 3602 huno

208 3629 312 3686 inritati.
348 3626 392 3681 De
399 3626 510 3694 propriis
521 3626 744 3680 nominibuscum
781 3640 864 3693 quam
890 3624 1139 3678 emendatissimum
1162 3627 1317 3680 traderent:

209 3710 347 3764 doctorum
364 3703 500 3758 hominum
518 3704 634 3758 diversas
644 3703 746 3772 opinio·
781 3701 855 3772 quod
867 3702 915 3768 illi,
925 3719 987 3771 quae
995 3702 1158 3758 luititiorum
1170 3704 1318 3773 diligentia,

208 3801 322 3842 amessa
333 3783 558 3850 sidoremuaqusa
569 3781 614 3834 alii
625 3796 660 3834 ne
670 3795 745 3850 quar-
780 3784 870 3834 essent
881 3781 1035 3844 asscendsi
1046 3783 1135 3850 plnres
1145 3781 1224 3834 libros
1235 3797 1318 3842 mann

208 3861 408 3933 rendaquidem
416 3859 745 3931 pulmcnualiireroepis·
780 3857 893 3926 scriptos
913 3857 1084 3913 habuissent:
1110 3861 1158 3913 scd
1177 3875 1239 3913 cum
1262 3860 1318 3912 dno

207 3945 275 3998 tolas
292 3943 372 3996 hasce
385 3939 519 3992 arsemina
530 3951 607 4008 possa
617 3939 744 4006 interpre·
781 3937 968 3992 tantummodo
983 3937 1168 4006 hujuscemodi
1189 3937 1249 3990 libri
1269 3937 1317 4006 qui

208 4017 467 4083 taricradercnt,uiai
476 4017 511 4071 ab
520 4033 560 4080 ec,
568 4017 614 4084 qui
623 4015 745 4070 historias
781 4015 947 4070 suctodtstis
967 4017 1069 4086 aliquid
1087 4016 1212 4080 habeant,
1236 4015 1317 4069 hodie

209 4117 302 4156 omnes
322 4099 404 4154 etiam
416 4097 587 4167 privatorum
607 4095 745 4150 hominurn
779 4094 1030 4164 reperiantur„aller
1047 4097 1075 4148 in
1096 4095 1176 4149 ltalia
1185 4093 1258 4160 apud
1267 4094 1319 4146 Po·

210 4183 243 4232 ut
252 4192 355 4244 ungnes
369 4179 460 4230 sonet
475 4189 546 4237 snos,
561 4189 620 4238 nos,
635 4174 683 4242 qui
697 4189 745 4227 ne-
780 4179 853 4227 trnnr
862 4171 1113 4242 ipsumViotorium,
1129 4173 1176 4240 qui
1193 4171 1319 4224 Francis-

210 4269 263 4324 que
273 4255 395 4316 multum,
404 4269 490 4322 mque
504 4252 568 4306 nihil
578 4267 666 4322 operte
678 4249 744 4305 dan-
780 4251 806 4310 ci
818 4249 971 4305 Petrarclsar
982 4250 1063 4304 inisse
1075 4244 1189 4303 dicitnr:
1211 4249 1277 4301 alter
1287 4251 1317 4303 in

211 4335 276 4386 dun:
287 4332 512 4399 huinzreisemper
524 4332 685 4396 censuimus,
696 4345 745 4382 nn-
780 4330 932 4390 Germanis.
947 4345 1029 4399 quom
1047 4329 1150 4381 Beatus
1170 4325 1317 4382 Rhenanus

210 4411 284 4464 arius
292 4425 389 4472 omum,
398 4409 444 4478 qui
456 4410 499 4462 vel
509 4409 548 4462 its
562 4407 693 4476 ignobiles
703 4409 745 4466 lu·
781 4405 1156 4477 legiuetcratandervidetur
1166 4410 1318 4471 secutus,st

210 4505 264 4554 ere,
275 4485 316 4540 sol
326 4485 364 4537 ita
374 4485 466 4551 rejecti
484 4485 689 4554 ascriptoribus,
701 4487 745 4538 vel
781 4485 807 4539 ni
829 4501 945 4553 quoque,
957 4489 989 4537 ut
1004 4487 1121 4552 apparet,
1134 4481 1274 4549 dimidiati,
1289 4489 1318 4537 et

211 4566 311 4636 racopti
328 4563 366 4618 illi
381 4563 498 4634 quidem,
510 4563 556 4618 sed
567 4563 604 4617 ita
616 4579 679 4620 oum
688 4565 746 4618 illo·
781 4563 907 4632 corrupti,
915 4577 950 4616 es
962 4561 1003 4616 his
1014 4561 1120 4636 difficile
1129 4567 1208 4627 osset,
1216 4561 1259 4619 rel
1269 4580 1318 4632 po·
