3225 5175
278 362 351 436 366
503 392 506 396 -
655 364 1021 426 errorousuuur

277 508 352 575 tame,
368 514 401 563 ut
417 523 506 579 neque
522 524 569 566 me
587 508 703 581 ridesris
718 524 820 574 smsre,
854 509 945 579 possit.
978 509 1013 564 Iu
1029 508 1089 575 troo,
1100 510 1218 579 tuqnsm,
1228 513 1308 565 suun
1318 526 1393 569 smo-

277 605 365 657 ueque
376 589 467 641 dolere
478 590 598 641 dolorem
611 603 716 641 menos:
734 605 815 657 quem
854 605 919 654 rem,
931 594 958 641 et
974 588 1092 642 dolorem
1103 605 1158 642 nou
1175 604 1299 656 sgoosoo.
1335 588 1395 655 Qui

276 668 410 721 temenitu
419 668 543 721 allectum
555 683 617 721 uses
626 681 747 719 terumus
755 683 818 720 esse
853 668 924 720 enim
935 672 1015 729 emet,
1023 680 1101 735 nequo
1112 667 1201 729 dolet;
1210 667 1300 736 et,qui
1308 682 1390 737 seque

276 747 393 810 sibitror,
412 751 445 798 ut
465 747 554 815 ipsum
577 745 712 801 eonsotsri
734 760 814 798 uemo
853 743 1141 813 doletnouobjurgst.
1160 740 1261 801 'lours

278 932 311 981 12
631 924 775 981 CICERO
793 922 937 980 Au'rtco
955 922 1035 978 stt..

310 1063 368 1116 Per
377 1067 502 1132 mun]
529 1060 601 1115 Nem
617 1076 666 1129 per
682 1060 813 1129 populum
850 1057 922 1111 enim
941 1071 996 1109 eos
1012 1070 1075 1109 eum
1095 1056 1126 1111 Ρ.
1138 1055 1274 1121 Lentuloe
1289 1056 1334 1111 eni
1347 1072 1390 1127 ter

275 1140 364 1193 miuus
379 1139 543 1209 spersndum
557 1130 706 1205 videbatur,
718 1136 814 1192 Clodio
849 1134 944 1188 lerenti
956 1135 990 1188 de
1007 1134 1139 1189 Cicerone
1152 1135 1325 1202 restituendo,
1340 1152 1389 1189 so·

275 1218 391 1271 tribuno.
425 1217 505 1272 Mun.
850 1218 936 1266 torem
953 1228 982 1265 se
1002 1212 1248 1283 adscriptoremque
1267 1214 1390 1283 prebuit,

309 1292 442 1367 Idaeaque]
468 1295 527 1359 Qui
536 1309 701 1365 rue-spersre
717 1294 815 1366 sispes
850 1290 1210 1362 depositsinimieipersous.
1228 1292 1300 1347 Vide
1311 1292 1389 1346 Oret.

276 1381 406 1439 senatum,
417 1374 491 1427 idem
501 1373 594 1427 seribis
604 1379 688 1442 esput
702 1374 814 1442 proponi
850 1376 910 1439 post
921 1371 1035 1425 reditum
1047 1370 1075 1423 in
1084 1376 1187 1425 senstu.
1198 1370 1251 1440 Ep.
1260 1370 1343 1425 etit.
1349 1370 1388 1425 V.

275 1452 417 1523 rogationis
442 1452 589 1505 Glodisuse.
629 1452 693 1517 Quo
724 1452 813 1521 eupite
851 1448 885 1501 ed
897 1448 974 1503 Fsm.
1010 1449 1117 1504 Posui.
1294 1508 1303 1523 .

275 1537 385 1584 eentum
400 1535 466 1594 erst,
480 1529 586 1599 nequis
598 1529 709 1583 referret
723 1530 758 1581 sd
772 1546 814 1582 se-
885 1525 1009 1581 Oratim
1015 1524 1130 1598 probra]
1142 1526 1203 1581 Non
1214 1531 1280 1597 puto
1291 1526 1390 1595 signid-

273 1608 552 1661 nstumdecieeroue
560 1608 732 1661 restituendo.
748 1607 813 1662 ΜΛ·
850 1607 906 1659 essi
924 1607 1071 1659 ontionem
1089 1607 1118 1659 in
1135 1605 1280 1661 Metellum
1299 1607 1389 1675 Nepo-

275 1698 386 1741 uursus.
850 1690 906 1737 tem
914 1684 1106 1753 seriptum‚sed
1119 1684 1391 1753 potiminc.Cnrio-
1470 1716 1475 1725 ·

310 1762 408 1817 Eodem
424 1762 526 1816 tribuno
536 1758 631 1835 plebis]
655 1764 814 1832 Angursbs-⁴
850 1776 921 1815 uem.
951 1762 1021 1815 Nem
1038 1763 1152 1837 Metello
1169 1762 1290 1833 pluribus
1301 1762 1389 1817 serbis

277 1848 322 1895 tur
342 1842 436 1895 Cioero
455 1842 582 1895 clodium
602 1841 740 1895 biennium
758 1842 814 1896 lose
851 1839 945 1893 Cieero
956 1840 1387 1911 eouoertsvitlntinepffilibN·

277 1921 413 1973 tribunum
422 1919 590 1990 plebiueum
606 1918 685 1972 sciret
704 1934 766 1972 eum
786 1936 815 1972 s-
854 1919 927 1972 Fam.
938 1925 967 1972 st
978 1919 1021 1971 bio
1035 1936 1064 1973 se
1081 1934 1219 1988 uunquenr
1237 1935 1293 1973 suo
1307 1918 1390 1972 verbo

277 1996 815 2068 depturumesseepopuloilomsnoslios
852 2002 1019 2049 oonoertssse
1027 1996 1101 2051 dieit.
1119 1997 1162 2050 De
1172 1996 1288 2051 Curione
1296 2000 1387 2049 sutem

280 2076 392 2130 bonores
402 2077 430 2128 in
442 2092 543 2130 sunum
554 2080 720 2144 sequentem.
747 2077 817 2129 Seri-
851 2075 929 2143 epist.
944 2080 983 2129 lb.
994 2074 1036 2128 bis
1045 2076 1148 2131 serbis:
1165 2076 1211 2129 sed
1220 2072 1388 2146 quidCsm'ol

275 2154 316 2207 bit
327 2155 398 2208 euim
414 2154 554 2223 Appisuus
569 2153 628 2221 (lib.
648 2152 671 2207 Ι.
682 2154 717 2205 de
734 2154 812 2207 Bello
847 2170 882 2205 sss
892 2151 1166 2207 &amisisses
1176 2152 1257 2225 legit?
1273 2169 1388 2225 quem·

277 2232 348 2303 Gis.)
367 2233 425 2306 lege
440 2232 558 2303 quodem
575 2231 707 2285 ssuoitum
722 2232 812 2299 brisso,
847 2230 1141 2301 desitprobstuame
1177 2231 1258 2287 Min.

276 2316 308 2365 ut
323 2311 372 2364 nisi
388 2309 594 2379 tribuniplebis,
612 2311 658 2378 qui
675 2310 812 2364 tribunatu
882 2306 989 2381 Souis]
1009 2309 1146 2363 Revocari.
1181 2312 1270 2365 Coun.

277 2391 388 2451 sbirent,
405 2388 495 2442 ststim
514 2388 549 2441 ed
568 2388 756 2442 eliosbonores
767 2404 813 2441 vo-
883 2383 1005 2459 Dodone]
1019 2388 1092 2442 Casu
1101 2386 1388 2454 secundinarum

278 2469 333 2522 cari
351 2474 468 2538 possent.
484 2482 575 2520 eornm
593 2468 622 2520 in
638 2468 730 2537 primis
744 2468 812 2521 rstio
849 2463 956 2531 Dodon,
969 2464 1068 2519 Letine
1086 2464 1212 2533 Dodone,
1230 2466 1295 2519 urbs
1306 2471 1349 2519 est
1359 2468 1389 2521 in

274 2547 415 2602 baberetur
431 2546 559 2617 proximis
582 2545 696 2601 eomitiis
711 2545 810 2605 tribou.
850 2541 941 2612 Epiro.
960 2543 1065 2600 Poetis.
1084 2544 1153 2600 Cum
1166 2544 1244 2600 sitin
1261 2544 1329 2599 Moe.
1347 2560 1389 2598 se-

277 2627 386 2681 Bosrus.
597 2681 603 2692 ,
849 2621 919 2675 uires
936 2619 1041 2690 Sidone,
1052 2625 1095 2678 vel
1107 2623 1193 2692 Doris,
1209 2627 1312 2697 quanto
1328 2641 1390 2695 pro-

312 2704 370 2759 θοι.
381 2705 523 2777 designas]
544 2706 579 2770 Q.
593 2704 708 2758 Metello
723 2703 814 2774 Nepo-
850 2700 965 2754 babillus
984 2703 1048 2756 iude
1063 2701 1220 2757 Ciceronem
1238 2703 1386 2771 scripsisse,

164 2779 170 2788 “
275 2787 384 2847 tecum
393 2782 592 2851 tribunoplebis
601 2782 742 2836 soertimss
751 2798 815 2851 pon-
849 2779 946 2832 uenires
966 2779 1050 2834 Itessa.
1085 2781 1244 2852 Stephanus,
1257 2787 1389 2844 Ἱππόλας

276 2863 409 2916 tentiones
424 2860 526 2925 babuit,
544 2877 612 2930 quus
628 2859 708 2913 relert
726 2877 769 2930 ep.
787 2864 813 2914 2
850 2863 980 2922 senuas,
991 2860 1071 2912 ethio
1082 2861 1158 2913 loeus
1169 2860 1388 2931 Tulliiprseelsre

276 2938 419 2993 lib.V.sd
436 2938 588 2991 Metellum.
624 2938 815 3006 Augumbstur
852 2937 1279 3010 lirmsttestirnouiumstepbsni.
1314 2940 1341 2994 J.
1354 2939 1387 2994 F.

279 3022 369 3070 sutem
387 3016 505 3068 futurum
524 3020 556 3068 ut
572 3014 703 3069 Metellus
720 3017 814 3070 eousul
851 3017 942 3070 Gnosi.
1125 3061 1132 3068 .

277 3094 475 3163 designuetur3
491 3093 612 3161 quodits
625 3093 731 3150 oceidit.
749 3095 816 3148 Fuit
886 3091 962 3158 Istic]
981 3093 1083 3152 Romae.

277 3279 314 3330 is
619 3273 763 3330 CICERO
780 3274 929 3333 tt'rlco
947 3275 1027 3331 SAL.

313 3403 736 3480 Nequetsmpon'snoslonginqes]
748 3407 813 3462 Seu·
849 3423 916 3470 rem,
939 3407 1141 3476 psuoos'lrosee
1164 3408 1222 3465 dies
1243 3427 1298 3466 nou
1317 3414 1389 3468 mole

278 3489 392 3537 susest:
410 3483 507 3553 Neque
518 3485 600 3540 ierem
618 3487 737 3551 moleste,
755 3504 813 3557 spe
850 3501 977 3554 sperasse.
995 3487 1123 3545 Mstsst’.
1135 3489 1251 3544 Slevero
1262 3491 1391 3562 Mongsl-

279 3579 352 3616 resse
372 3561 447 3614 brevi
468 3566 602 3630 tempore:
629 3561 682 3616 hoo
699 3570 750 3629 est,
766 3581 815 3634 spe
850 3568 911 3617 tus:
938 3566 1026 3638 Neque
1042 3567 1253 3639 morteferum,
1274 3588 1390 3642 sperasse

278 3643 324 3695 ills
342 3641 474 3710 privatum
486 3656 553 3705 esse,
564 3657 618 3711 qus
628 3643 814 3696 sustentabor:
850 3661 898 3706 me,
921 3642 978 3698 lieet
987 3644 1096 3716 fnestra
1107 3658 1132 3702 et
1142 3647 1261 3715 inultm
1268 3648 1333 3720 sore
1349 3661 1388 3717 st,

279 3731 341 3772 enm
354 3717 417 3772 milri
427 3718 652 3785 smioiorseritss,
661 3735 742 3789 quem
753 3737 817 3774 eou-
849 3731 905 3790 post
916 3730 1013 3793 tenpsu
1029 3743 1081 3778 sors
1098 3724 1273 3799 leugisqmes,
1287 3729 1390 3785 restitu-

278 3797 373 3850 solutio
384 3797 426 3850 sit.
443 3795 497 3849 Vel
511 3796 568 3850 sie:
586 3797 646 3850 Nee
656 3799 768 3852 moleste
778 3799 816 3852 le·
850 3817 917 3854 srer.
931 3803 1021 3873 Quod,
1030 3805 1227 3876 opinor,verins
1236 3811 1284 3862 est
1302 3809 1389 3866 OusV.

274 3995 307 4046 ιι
626 3989 1028 4074 o1cnnosuncossu.

312 4120 465 4196 mess]
494 4122 550 4176 Hie
567 4127 610 4176 est
624 4137 736 4177 seusus:
754 4121 814 4177 Etsi
887 4122 1017 4198 Peoests's]
1042 4125 1097 4190 Qui
1110 4127 1206 4182 invidis
1216 4127 1389 4204 credidimus,

278 4204 334 4258 seio
344 4219 407 4257 oum
423 4218 466 4255 me
478 4200 588 4269 juberes
603 4217 717 4271 spersre,
727 4204 755 4254 te
767 4219 815 4272 po-
851 4207 879 4256 et
889 4203 1059 4270 legationem,
1071 4205 1179 4259 Coessre
1196 4207 1323 4274 delstsm,
1334 4226 1390 4280 qus

277 4284 332 4335 tius
342 4281 393 4335 boe
404 4279 497 4332 iecisse
506 4285 537 4332 ut
548 4295 591 4332 me
601 4283 630 4332 et
641 4294 729 4331 meam
739 4295 814 4349 spem
851 4281 927 4334 viteli
940 4282 1027 4349 potuit
1037 4282 1097 4336 beeo
1109 4299 1237 4351 mrumns,
1250 4285 1330 4342 uinus
1339 4290 1391 4344 im·

276 4359 389 4422 foveres,
400 4374 434 4410 ue
445 4357 655 4427 despentiouem
670 4355 698 4408 iu
710 4358 816 4410 eonsili-
850 4357 995 4426 prudenter
1005 4360 1218 4426 repudiavimus:
1236 4379 1298 4417 eum
1308 4368 1390 4422 tontis

277 4435 815 4503 umsdbiberem,vitaequereunutiurem,
852 4435 962 4489 miseriis
970 4435 1013 4489 vel
1021 4453 1092 4490 mors
1100 4437 1389 4511 luerituntepouendn:

277 4512 814 4582 quamquoditsromsebsbereputeros‚
851 4513 928 4581 eujus
939 4518 1098 4586 oppetendae
1114 4523 1221 4590 tempus
1237 4519 1390 4580 honestissi-

279 4591 322 4643 uti
331 4587 472 4642 scribebat.
507 4591 605 4646 Guev.
852 4608 924 4646 mum
939 4597 1168 4670 pretermisimus,
1182 4599 1234 4670 Ep.
1247 4605 1273 4662 7,
1307 4601 1387 4672 llius.
