3225 5175
169 317 174 323 ’
287 350 373 427 340*
627 348 633 359 '
668 347 1005 410 arssuouuuur'r

289 503 399 571 Emptq'
414 500 479 567 quia
494 496 609 566 judiees,
617 501 731 568 accepta
742 514 824 568 pecu·
860 504 915 555 tour
926 502 1001 556 Paris
1011 496 1158 553 Mamurius
1169 496 1225 547 tarn
1237 491 1394 547 Menelaon

289 580 344 644 uta,
354 575 478 631 Clodium
487 580 629 630 nocentem
641 576 826 639 absolveruot3
861 579 1029 648 contempsit,
1058 591 1138 643 quam
1164 573 1410 641 Agamemnonem·

290 658 472 725 constuprato,
493 655 559 723 quia
579 658 672 707 noctes
694 658 826 707 certarum
862 660 924 709 auto
943 656 1153 723 contempnent:
1170 650 1315 719 ideatqui
1333 654 1397 703 aulo

290 735 433 790 mulierum
460 736 542 801 atque
568 733 827 786 adolescentulorum
864 730 1170 798 truncationum
1194 727 1303 789 lecerat,
1332 742 1396 781 cum

292 813 421 868 nobilium
427 810 634 865 introductiones
642 810 776 863 nonnullis
784 808 830 875 J'u·
864 828 927 865 eum
942 826 977 863 ex
993 811 1064 863 bello
1085 806 1268 861 Mithridatico
1285 805 1398 859 meun-

294 891 452 959 dicibuspro
458 888 587 943 mercedis
595 888 703 941 cumulo
712 887 829 941 lucrm.
864 893 920 942 tem
931 888 1054 941 dibonus
1066 884 1160 954 plebis,
1173 884 1217 937 die
1227 884 1259 937 ad
1269 884 1398 953 populum

295 969 411 1023 Mruur.
866 968 948 1029 dieta,
959 964 1122 1033 triumphare
1141 961 1295 1031 aliquandiu
1314 960 1401 1030 prolui·

331 1045 374 1099 Dr
390 1044 497 1108 mura]
513 1044 562 1108 Ut.
581 1043 627 1113 qui
650 1055 774 1098 nummos
784 1040 829 1093 de·
866 1043 934 1108 buit,
948 1044 1020 1097 idem
1040 1056 1113 1095 nunc
1130 1039 1331 1106 Maroum‚ejus
1349 1039 1400 1091 lra-

296 1122 388 1187 diaset,
398 1123 430 1187 is,
441 1124 528 1192 quoad
540 1123 647 1187 vireret,
665 1120 774 1189 siugulis
785 1120 833 1171 tri·
867 1126 944 1185 trem,
966 1136 1020 1174 uou
1037 1118 1323 1175 dubitaritoffendere..
1345 1116 1400 1171 Sed

298 1196 454 1256 bubuli-S
470 1202 521 1255 tria
539 1201 622 1260 millia
643 1200 762 1253 deberet.
779 1197 832 1267 Ep.
868 1200 902 1253 de
913 1197 1018 1266 injuria,
1028 1197 1056 1249 iu
1068 1196 1185 1251 Lucium
1204 1196 1286 1259 illata,
1299 1197 1401 1265 quares

300 1284 342 1334 15.
376 1278 461 1338 Iners.
869 1278 974 1348 aliquia,
991 1277 1063 1329 uude
1082 1274 1211 1329 hauriam.
1246 1274 1333 1337 Unde,
1349 1272 1401 1325 nisi

333 1353 505 1435 Dejuds'er'ie]
522 1356 735 1426 thuaereretut
747 1352 780 1405 de
791 1352 833 1414 5¹⁵.
870 1373 906 1411 ex
916 1356 1032 1409 historin
1041 1354 1131 1407 fontei
1148 1352 1403 1408 Plutarchusiulm·

300 1436 346 1505 qui
364 1435 400 1489 ob
422 1451 479 1493 rem
499 1433 673 1503 judicandam
692 1432 843 1501 pecuniam
870 1434 950 1488 callo.
983 1433 1069 1486 luen.

299 1513 476 1583 accepissent.
494 1514 546 1581 Ep.
560 1515 614 1565 ln>
634 1510 720 1563 lours.
906 1506 1206 1583 Liberummputaas'l]
1224 1509 1308 1563 Nihili
1323 1508 1403 1561 tacita

312 1589 467 1644 nolula
483 1584 596 1662 perlata]
622 1586 737 1640 Tribuni
749 1585 835 1655 plebis
872 1588 946 1643 liberi
957 1588 1072 1641 hominis
1083 1588 1142 1641 loco
1153 1603 1206 1640 noo
1218 1586 1319 1659 habuit.
1340 1586 1386 1639 lo.

301 1669 581 1735 intercesseruntquo
602 1666 691 1721 miuus
709 1666 754 1717 lex
776 1662 835 1715 ferri
909 1664 994 1729 Vobis]
1024 1666 1216 1730 Quiiovestra
1226 1662 1406 1717 tribudirisor

302 1752 401 1816 persor.
436 1744 522 1798 loerr.
873 1748 952 1797 esset.
969 1744 1013 1797 Sic
1023 1740 1116 1813 epid.
1126 1742 1152 1795 h.
1161 1742 1179 1795 1.
1214 1742 1343 1795 Couuro.

312 1830 316 1837 '
340 1822 495 1895 &agitatur
506 1817 838 1893 mmutribunisplo-
908 1817 1044 1893 liodrada]
1063 1820 1101 1875 Ut
1122 1820 1265 1887 adoptione
1285 1818 1404 1886 plebeius

305 1900 347 1953 lala
357 1895 482 1954 seditiose
495 1898 722 1953 concionantibus.
751 1896 837 1951 Ioerr.
874 1900 929 1953 flat.
953 1900 1024 1953 Nam
1036 1897 1406 1969 quietubuuarusprabiaps-

341 1974 467 2051 Alienon]
488 1980 515 2032 Α
535 1980 646 2041 sonatu3
663 1977 727 2045 quia
747 1976 839 2028 deero-
874 1976 949 2030 tricio
961 1975 1329 2041 lroruiuinoudabatur,idoo
1343 1974 1414 2033 cro'

304 2054 395 2119 risset,
417 2062 449 2109 ut
465 2059 628 2126 quaereretur
649 2054 683 2108 de
694 2054 735 2117 iia,
747 2052 792 2121 qui
804 2052 840 2105 ob
875 2056 944 2120 dius,
952 2056 999 2124 qui
1010 2054 1128 2123 patriciae
1138 2055 1223 2123 gentis
1232 2058 1297 2115 erat,
1306 2051 1340 2104 ad
1351 2052 1407 2118 ple-

303 2134 480 2208 judieandnm
492 2135 666 2201 accepissent.
678 2134 730 2201 Ep.
745 2136 785 2185 15.
794 2131 840 2184 lo.
877 2134 938 2186 bern
956 2133 1064 2191 muaire
1082 2132 1231 2201 adoptionis
1242 2130 1303 2199 jure
1318 2130 1410 2199 cupio·

342 2211 393 2266 me
403 2206 495 2285 amus]
513 2212 654 2264 Proximus
662 2209 787 2279 superior,
799 2208 840 2263 M.
877 2211 932 2265 bat.
966 2210 1082 2264 Mruur.

309 2288 429 2344 Messala
445 2297 473 2344 et
490 2287 532 2343 M.
546 2290 722 2341 Piaoueooes.
757 2287 840 2341 Ioerr.
914 2288 950 2344 Ur
965 2289 1095 2342 uariam
1110 2285 1232 2362 popsslus]
1249 2288 1323 2341 Hinc
1336 2287 1410 2355 patet

343 2367 429 2421 laetat
447 2366 487 2421 lic
503 2384 571 2421 aune
585 2365 629 2419 ille
645 2363 737 2436 amaus]
755 2365 843 2417 Adest
879 2368 1043 2421 Herennium
1056 2367 1302 2420 tentasaeCludiuur
1312 2367 1346 2418 ad
1355 2366 1411 2435 ple-

309 2460 396 2498 annus
414 2444 449 2509 Q.
462 2444 576 2498 Metello
587 2446 680 2498 Celere
693 2449 722 2495 et
733 2443 843 2495 Afranio
878 2445 940 2498 bern
948 2446 1093 2511 traducere,
1099 2460 1153 2498 uon
1162 2450 1270 2514 recepto
1280 2458 1411 2509 meraco-

309 2538 378 2577 coas.
393 2524 471 2593 cujus
488 2524 593 2577 initium
608 2521 740 2592 ejusmodi
751 2520 802 2574 suit
812 2526 844 2578 ut
879 2523 960 2577 mitiis
975 2525 1078 2577 seilicet
1096 2524 1211 2587 curialis,
1223 2522 1319 2592 quibus
1330 2522 1411 2590 adop

309 2617 386 2655 secra
403 2601 557 2657 «iuventutis
575 2601 652 2665 Deae,
663 2617 725 2670 quae
742 2615 789 2668 pro
803 2615 844 2652 ea-
879 2603 964 2655 liones
986 2603 1083 2655 iebant
1101 2602 1128 2654 in
1149 2603 1261 2655 alienam
1277 2601 1413 2670 terrariliaru,v

310 2676 367 2734 luto
376 2678 507 2748 juvenum
519 2679 661 2749 quotannis
671 2679 778 2740 fiebant,
790 2692 843 2729 nou
880 2683 928 2735 sed
940 2680 1051 2744 tributis,
1068 2697 1130 2750 quae
1140 2681 1197 2748 ipso
1208 2695 1302 2732 vocare
1312 2681 1410 2748 posset.

311 2757 525 2814 celebrarerrtur'r
552 2762 690 2826 propterea
715 2756 788 2825 quod
811 2755 842 2808 C.
880 2759 951 2813 Nam
963 2759 996 2811 ad
1008 2760 1116 2812 comitia
1126 2761 1228 2813 curiata
1239 2773 1292 2810 uon
1308 2758 1412 2810 uolucr-

310 2836 467 2899 Momurius‚
487 2835 535 2904 qui
550 2837 632 2888 sacris
648 2835 706 2886 istis
725 2838 844 2901 praeerat,
881 2853 926 2889 sus
937 2838 1051 2907 populus
1069 2837 1252 2900 conueniebat,
1263 2840 1295 2888 ut
1305 2837 1339 2888 ad
1350 2851 1413 2890 cerr-

313 2929 427 2966 uxorem
449 2913 491 2967 M.
505 2912 613 2966 Luculli
636 2912 746 2976 uitiauit,
764 2915 845 2979 atquc
882 2915 979 2968 turiuta
994 2920 1022 2967 et
1036 2914 1143 2978 tributa,
1155 2915 1202 2966 scd
1218 2913 1335 2968 urbanus
1345 2915 1413 2967 dun·

312 2989 352 3040 ita
366 2990 448 3042 sacris
466 2991 522 3041 suis
540 2989 667 3061 initiavit:
685 2987 757 3055 quod
774 3003 845 3054 aegre
881 2995 964 3046 taxat
976 2993 1414 3046 Centuriataaulemlraberelribu-

314 3065 409 3134 passus
419 3067 558 3128 Luculleas,
569 3082 630 3118 curu
642 3081 725 3118 uxore
740 3065 846 3116 divorti·
882 3071 909 3122 ni
917 3073 1104 3138 nonpoteraut.
1114 3071 1414 3124 ludeliebatutHeren·

221 3148 225 3155 '
313 3157 361 3195 nm
377 3142 448 3200 fecie
483 3141 846 3197 EatautemlaicMerumius
881 3148 943 3200 nius
959 3147 1242 3216 tribunusplebisnou
1258 3149 1316 3202 aliis
1332 3163 1412 3218 quaur

314 3221 469 3292 illcdequo
479 3222 524 3276 lib.
533 3221 585 3276 lv.
601 3221 647 3290 qui
667 3237 701 3274 cx
719 3220 846 3289 petitione
882 3225 986 3278 tributis
1006 3225 1040 3278 de
1055 3225 1149 3277 Clodio
1166 3227 1261 3279 reterre
1277 3227 1413 3296 cogitaret.
1471 3231 1474 3248 '

312 3302 468 3353 consulatus
488 3315 551 3352 cum
564 3298 683 3352 Messala
692 3302 721 3350 et
737 3300 864 3365 Scauro„
883 3303 925 3358 Ea
948 3307 1038 3356 autem
1063 3319 1244 3372 saepenumero
1264 3304 1292 3357 in
1319 3321 1417 3374 campo

314 3375 758 3431 deambitudauruatusiuexilium
769 3377 846 3433 abiit:
883 3381 984 3435 Martio
1005 3381 1176 3445 habebantur,
1190 3397 1251 3434 oum
1275 3385 1344 3438 lutra
1369 3401 1416 3454 po-

315 3455 420 3509 iotas'uir
439 3457 536 3525 stupris
554 3459 583 3509 et
598 3455 741 3516 adulteriis,
751 3461 780 3508 et
795 3456 849 3508 Ca·
885 3458 1008 3512 moeriurn
1021 3459 1234 3514 eunutodereut.
1269 3462 1383 3517 Burrus.

314 3533 377 3586 tulli
391 3534 551 3594 carminibus
562 3533 715 3603 proscissus,
724 3534 849 3588 laudatus
919 3534 1037 3612 hanua]
1054 3536 1191 3606 Iguarius,
1202 3540 1310 3594 tardius.
1334 3541 1414 3595 Mau.

111 3634 117 3646 ·
234 3640 237 3650 ·
318 3609 480 3664 sincratio.
515 3613 622 3666 Porus.
919 3614 1053 3669 Inarsiaao't
1070 3615 1254 3682 muudum]
1272 3617 1344 3681 Quia
1354 3634 1417 3672 curn

342 3688 495 3755 ‘romum
513 3691 651 3755 Lucullus,
661 3690 761 3746 vitiato
772 3693 849 3747 muli·
886 3691 1014 3747 Meteilus
1026 3693 1164 3763 patricium
1178 3695 1358 3763 magistratum
1371 3710 1418 3762 ge-

318 3769 369 3824 osis
380 3768 428 3835 vir,
438 3768 592 3822 utllelene
600 3768 752 3824 Menelaus.
768 3771 849 3826 Mau.
885 3775 962 3836 reret,
972 3772 1023 3827 hoo
1033 3778 1082 3836 est,
1092 3774 1185 3826 consul
1195 3763 1417 3840 eiaet‚plebeiunr

354 3847 450 3904 Pastor
468 3845 565 3914 Idaeua]
581 3848 719 3914 stuprator
735 3847 850 3903 Helenae
886 3849 1196 3920 magistrstompatiuou
1206 3849 1355 3902 debebatid
1365 3851 1418 3904 sibi

314 3926 401 3991 earo,
409 3924 581 3996 spastcribus
589 3925 616 3976 iu
626 3923 677 3978 ida
686 3929 776 3980 monte
785 3927 852 3982 edu·
884 3927 951 3994 juris
962 3943 1090 3996 arrogare,
1098 3932 1129 3980 ut
1140 3927 1173 3980 de
1181 3925 1322 3994 adoptione
1334 3926 1418 3982 tribu-

317 4009 404 4068 catus,
424 4007 565 4074 pastorque
587 4003 644 4073 ipre
659 4003 706 4056 diu
727 4005 852 4061 eraditus.
887 4007 922 4059 tis
938 4007 1052 4060 comitiis
1069 4006 1134 4058 terre
1150 4003 1348 4078 sederetquod
1360 4011 1419 4062 erat

317 4079 413 4141 luem*
683 4123 687 4131 .
887 4085 1053 4153 patriciorum
1064 4083 1196 4134 duntaxat
1208 4082 1420 4152 magistratuum,

313 4177 317 4186 ’
352 4158 582 4225 Tamasenum,
594 4177 671 4231 queas
684 4161 852 4232 Agamem-
887 4159 1054 4228 comitiisque
1068 4158 1419 4225 curialiuutdiximuatsu-

317 4245 387 4312 sess]
403 4239 473 4292 Tam
484 4239 526 4293 M.
540 4237 693 4304 Lucullum,
704 4255 784 4309 quam
797 4241 852 4294 Lu·
887 4237 1025 4290 tummodo
1036 4236 1123 4299 fiebat,
1137 4251 1197 4303 quur
1214 4237 1353 4292 atribuuis
1362 4241 1420 4309 pte.

317 4315 466 4383 oiumajru
476 4318 590 4370 tratrem.
608 4317 690 4382 Paris,
700 4315 796 4387 iuquit.
807 4319 851 4371 ille
887 4312 998 4382 biscogi
1011 4317 1202 4381 nonpoterant.
1237 4315 1350 4372 Burrus.

318 4393 452 4471 'linimus
473 4396 558 4448 solum
581 4393 737 4448 Menelaum
764 4397 853 4448 affecit
922 4389 1420 4464 dehal'etdt'dmmfflmdem

320 4469 424 4536 injuria,
434 4471 538 4526 danem
554 4473 613 4540 cius
624 4474 851 4540 Agamemnonem
887 4471 1005 4538 rogando
1015 4470 1140 4539 quopiam
1157 4474 1292 4540 agebatur,
1307 4476 1419 4544 rogatio-

321 4547 461 4617 separatim
472 4551 582 4603 nullare
600 4552 681 4606 laesit:
699 4555 789 4604 noster
804 4567 851 4604 au·
887 4563 949 4603 ucrn
968 4549 1029 4604 torri
1036 4549 1174 4619 oportebat
1183 4552 1419 4621 comitiiseurirtir,
