3225 5175
296 341 368 410 140
601 357 604 362 ·
683 333 1028 398 EPISTULARUM

291 483 403 545 esseut
422 481 458 534 sb
474 481 528 534 illis
545 481 612 536 nibil
626 482 691 537 meli
703 486 832 538 natm
869 483 1003 553 scripserit
1014 480 1119 536 tlnlbn:
1137 482 1412 552 quodrerisinilrrl-

291 557 319 612 J.
329 559 361 614 F.
369 559 502 613 Gronov.
868 563 955 616 detur.
992 559 1073 625 Nem,
1093 560 1115 612 si
1139 560 1209 614 llll.
1234 559 1297 616 Ksl.
1316 564 1345 618 id
1367 566 1411 618 ost

327 633 445 706 Aquila]
462 636 614 704 umanum
624 638 834 711 imiqnlasqui-
868 638 1012 710 quatriduo
1027 640 1089 707 pout
1105 637 1229 706 prelium
1245 640 1408 710 scripsisset:

291 713 342 768 ln:
360 714 446 781 signa.
468 715 667 783 manipulorum
676 722 705 770 et
715 718 832 772 oeutun‘-
867 716 977 770 omnino
987 715 1088 784 aliquid
1099 715 1236 770 dePansae
1246 718 1412 780 vulneribus.

291 803 377 845 arum.
395 789 521 846 crinin.
556 792 628 848 Vide
641 793 767 849 Plinium.
784 795 831 850 lib.
866 796 979 864 usuque
991 793 1141 854 Bononiam
1154 794 1252 858 deluto,
1268 796 1410 862 cognoris-

262 914 264 917 .
291 868 348 924 111.
357 873 452 936 capi.
867 878 917 936 set,
931 876 959 926 et
979 871 1102 928 Ciceroni
1119 872 1300 940 significasset.
1336 873 1409 926 Nem

326 945 405 1003 XII.
424 945 487 1002 nat
510 946 593 1010 Mae]
618 947 724 1014 Manu,
744 949 829 1006 XVI.
867 949 973 1004 Hirtius
991 954 1094 1019 postea.
1110 965 1173 1006 cum
1192 948 1303 1006 Antonii
1319 956 1409 1010 eastre

293 1024 394 1080 natat
405 1026 539 1096 postridie,
549 1040 632 1097 qnam
642 1032 719 1096 gestu
729 1033 831 1094 resest,
866 1031 1044 1098 oppugnaret,
1055 1027 1162 1082 coenus
1173 1033 1222 1082 ost.
1257 1027 1337 1083 Meu.

290 1210 324 1262 nr
520 1206 713 1264 eusmlns
732 1202 878 1262 POLLIO
895 1205 1083 1262 CICERONI
1100 1209 1128 1262 8.
1141 1209 1177 1296 D.

324 1337 401 1392 due.
418 1337 628 1394 Exeusationem
648 1340 732 1405 sd'crt,
754 1340 829 1409 qnod
865 1341 948 1398 Nonii
958 1341 1072 1411 Hispan.
1081 1344 1164 1411 antiq.
1175 1359 1233 1411 cup.
1242 1347 1322 1398 etet
1332 1345 1404 1400 San.

288 1415 410 1470 studium
427 1431 493 1483 erga
509 1431 593 1485 remp.
611 1431 691 1471 num
707 1419 828 1472 nendum
865 1419 1002 1484 licebant,
1023 1422 1174 1489 Geograplr.
1196 1435 1281 1475 sacrm
1302 1427 1407 1491 partem

289 1493 479 1547 deslunverit:
495 1508 580 1562 seque
602 1495 733 1548 libertstis
752 1511 829 1548 reeu-
864 1497 1117 1568 ll.lib.l.cap.34.
1152 1499 1253 1554 Grnv.

289 1572 417 1640 ρωᾱω
428 1572 603 1640 percupidum
613 1573 738 1628 ostendit.
750 1573 830 1627 Am
898 1572 1073 1647 Smmuibur]
1090 1577 1211 1638 Antonii,
1221 1581 1269 1632 sut
1278 1576 1386 1644 Lepidi.

290 1647 439 1705 U.c.710.
899 1650 1122 1726 Qrdsmrolique]
1144 1653 1206 1706 Non
1220 1653 1327 1706 videtur
1346 1654 1406 1708 neu

325 1728 478 1786 anuum
487 1726 586 1802 Pollio]
608 1729 707 1794 cunr,
725 1730 829 1784 Parthi·
864 1731 931 1786 ratio
942 1747 1001 1784 esse
1014 1731 1164 1794 commoda,
1174 1731 1223 1786 sed
1235 1730 1324 1799 potius
1340 1747 1407 1782 con-

290 1823 354 1862 eum
366 1808 464 1862 bellum
477 1810 608 1876 cogitans,
618 1813 648 1862 et
657 1809 828 1876 magistratus
864 1809 973 1862 undum
993 1809 1115 1874 macera,
1137 1809 1193 1862 nro
1216 1807 1406 1875 precedentis,

290 1903 339 1956 per
356 1887 500 1940 triennium
516 1888 626 1950 creavit,
638 1891 667 1939 et
686 1888 828 1955 provinciis
864 1887 919 1940 sive
940 1887 1131 1956 subsequentia
1146 1885 1257 1954 rejicias.
1293 1884 1364 1937 Nam
1383 1885 1405 1937 si

290 1968 406 2034 remores
417 1965 498 2030 dedit,
513 1973 542 2018 et
553 1967 611 2018 aliis
629 1966 739 2035 quidem
750 1968 828 2034 alios,
863 1966 1006 2036 utrobique
1029 1970 1106 2018 erunt
1126 1963 1236 2028 inimici,
1256 1963 1405 2016 consultius

291 2039 429 2112 Hispaniis
444 2059 507 2096 uero
527 2043 633 2096 duabus
651 2045 727 2108 duos,
746 2045 828 2113 Lepi·
864 2043 996 2114 utrimque
1009 2043 1111 2096 abesse.
1130 2040 1277 2112 Lego,qur'.
1298 2041 1337 2094 Ut
1346 2045 1405 2092 tan·

290 2120 355 2174 dum
384 2121 508 2187 citeriori,
536 2121 660 2176 Asinium
698 2124 827 2177 ulteriori.
863 2122 1004 2176 lummodo
1027 2126 1147 2190 exponat
1169 2125 1276 2188 ustum,
1298 2119 1327 2172 in
1350 2133 1405 2188 quo

289 2199 407 2266 Asinius,
422 2202 483 2254 rivo
500 2200 589 2254 adhuc
600 2201 716 2264 Censura,
727 2202 756 2255 in
767 2218 829 2271 pre·
862 2200 951 2255 luerit.
986 2200 1012 2254 J.
1025 2199 1056 2254 F.
1070 2200 1198 2254 Gnorov.

288 2277 405 2332 vinnium
427 2278 484 2332 ivit
527 2279 648 2348 Lepidus
667 2280 702 2332 sd
731 2279 827 2334 urbem
899 2279 953 2346 Eo]
969 2279 1014 2332 Ad
1025 2277 1141 2331 Caesnris
1150 2275 1310 2332 exercitum.

287 2358 396 2410 mansit.
432 2358 498 2410 Post
516 2356 631 2410 Caesaris
650 2373 757 2421 necem,
778 2358 827 2411 ubi
898 2353 1029 2426 Cmuules]
1048 2355 1193 2419 Antonius,
1210 2359 1239 2406 et
1255 2350 1405 2404 Dolabella.
1513 2340 1517 2356 '

287 2435 448 2501 Antonium,
474 2434 618 2504 Lepidum,
644 2435 826 2488 Octavianum
863 2435 927 2488 Non
939 2436 1010 2488 enim
1030 2433 1135 2486 Hirtius
1151 2437 1179 2486 et
1198 2434 1287 2486 Pansa
1306 2429 1405 2497 signifi·

288 2513 449 2583 conjunctus
468 2514 544 2576 vidit,
567 2514 603 2566 sd
623 2529 716 2566 eorum
737 2520 826 2582 partes
864 2513 919 2567 cari
934 2505 1055 2582 possunt,
1073 2513 1119 2580 qui
1135 2515 1240 2564 tautum
1260 2515 1322 2562 ente
1336 2507 1405 2560 duos

287 2605 349 2645 curn
362 2594 466 2647 duabus
484 2592 634 2660 legionibus
655 2606 683 2643 se
704 2591 826 2655 contulit,
862 2608 969 2647 meuses
995 2593 1164 2645 consulatum
1194 2590 1317 2653 inierant,
1352 2602 1403 2639 nec

286 2671 404 2739 primum
431 2672 564 2725 sedunam
587 2674 705 2735 secutus,
727 2670 826 2722 deinde
862 2669 1134 2739 multopustadcum
1144 2666 1403 2723 Pansalitterasrni-

287 2749 406 2801 amicim
425 2764 533 2817 quoque
550 2756 687 2817 permotus
706 2745 827 2801 Antonii.
863 2748 905 2801 sit.
932 2748 1066 2818 Loquitur
1076 2752 1168 2800 autum
1177 2745 1403 2800 Asiniusdolotu

286 2824 477 2894 Triumphmse
493 2841 556 2877 eum
572 2824 606 2877 de
627 2824 771 2887 Parthicis,
789 2841 826 2877 ex
861 2829 981 2894 ternpore
999 2830 1060 2894 post
1081 2826 1142 2879 idus
1162 2824 1285 2885 Murtias,
1308 2822 1337 2875 id
1361 2824 1404 2875 est

286 2903 362 2957 tantis
371 2903 528 2971 Capitolinis
539 2903 703 2970 intellig-itur.
730 2902 827 2954 Valuit
861 2908 923 2971 pust
933 2903 1049 2957 Caesaris
1060 2918 1165 2957 necem.
1201 2902 1318 2955 lllrrur.

287 2979 638 3050 eloquentis,orntionesquu
647 2979 751 3047 scripsit
757 2980 826 3032 mul·
896 2980 982 3035 Isuitu
991 2976 1047 3054 illo]
1064 2982 1183 3035 Praeerat
1198 2981 1269 3033 eninr
1283 2978 1405 3049 Lepidus

287 3061 345 3115 ns:
364 3058 398 3111 de
410 3058 507 3126 quibus
518 3072 572 3111 non
584 3058 667 3111 semel
684 3057 826 3121 Quintilia-
861 3058 1001 3129 Hispanias
1012 3060 1134 3125 citeriori,
1141 3064 1168 3113 et
1174 3060 1217 3127 (ut
1225 3058 1329 3127 scripsit
1339 3058 1405 3124 Diu)

286 3149 345 3189 nus.
374 3136 424 3189 Ait
433 3135 516 3201 idem,
525 3135 695 3189 dictumcsse
704 3135 825 3189 omnium
861 3137 1147 3192 Nubonensicalnae:
1165 3137 1413 3206 quodetinmcon·¹

286 3211 409 3267 berorum
425 3212 649 3283 nominumquod
660 3212 825 3281 scriisjocis·
861 3217 1086 3286 firmaturep.33.
1122 3216 1209 3269 loun.

286 3308 341 3359 qne
352 3292 450 3363 pariter
461 3284 680 3346 nccommodatus
689 3296 768 3351 esset.
781 3291 824 3345 til.
890 3292 1300 3356 commemsfflmeruaensus:
1313 3294 1403 3357 Quum

287 3368 339 3423 vl.
355 3369 683 3439 lnLiviodeprebeudisse
689 3370 825 3423 Patavini·
860 3370 1032 3425 vehementer
1043 3373 1164 3442 Lepidus
1176 3378 1204 3425 et
1214 3371 1351 3425 Antonius
1361 3372 1404 3425 lit-

285 3450 369 3503 tatem
378 3448 735 3519 quandaru,lib.l.etV111.
751 3448 825 3503 Tris·
860 3450 925 3504 teris
945 3462 1018 3505 ame
1034 3450 1228 3505 contenderint.
1264 3449 1345 3513 Quod
1362 3465 1404 3501 se-

286 3531 341 3579 tem
352 3530 381 3579 et
389 3525 513 3595 jejunum
527 3529 556 3581 in
574 3527 689 3583 dicendo
703 3526 824 3582 habitunt
860 3529 968 3595 qne-ntis
984 3528 1103 3598 epistolae
1115 3526 1267 3581 testimonio
1282 3542 1406 3593 compro-

285 3602 455 3671 arrabon.
483 3606 649 3660 lmecutum
668 3621 727 3659 esse
742 3606 825 3674 pluri·
860 3604 947 3661 batur.
982 3608 1029 3661 Sin
1039 3598 1138 3671 autern,
1147 3605 1219 3676 quod
1230 3607 1271 3657 ost
1282 3602 1404 3655 inomni·

285 3683 337 3736 bus
344 3681 420 3747 locis,
431 3682 512 3737 etiam
523 3684 641 3747 inimice,
651 3683 718 3736 ritis
727 3683 824 3737 orutio·
862 3684 912 3738 bus
933 3686 1000 3739 meis
1019 3684 1136 3753 antiquis
1155 3678 1237 3744 libris,
1258 3679 1403 3747 Crucium,

283 3761 482 3821 nis'l'rrllianse.
490 3762 615 3829 idemque
626 3762 710 3815 tilium
718 3761 777 3829 ujus
786 3763 825 3814 se·
860 3764 962 3831 placet:
989 3764 1160 3817 vehementes
1178 3761 1289 3823 litteras,
1310 3759 1404 3827 quales

286 3838 363 3905 cisse,
379 3838 422 3895 b'b.
433 3839 505 3895 ΧΠ.
541 3839 614 3892 Vide
636 3845 665 3893 et
683 3842 824 3906 Senecam,
860 3843 1003 3895 conciones
1014 3841 1048 3893 ad
1060 3839 1198 3910 populum,
1206 3836 1248 3889 vel
1258 3835 1292 3888 ad
1306 3836 1403 3889 milites
1415 3874 1419 3882 .

285 3934 329 3988 ep.
341 3923 382 3975 ld.
394 3918 439 3971 lib.
453 3917 477 3972 1.
490 3917 682 3971 suasoriarum.
718 3919 824 3972 Primus
859 3920 1151 3989 suntinterprctemur:
1161 3914 1233 3985 quod
1242 3918 1403 3983 temenpuu·

284 3995 474 4051 bibliothecam
501 3996 536 4049 de
563 3994 698 4049 marrubiis
727 3996 823 4051 Rome
860 3997 886 4051 le
906 3997 999 4051 durius
1016 3997 1136 4051 videtur:
1155 3992 1205 4047 nisi
1217 3993 1251 4047 sit
1263 3990 1401 4045 terendum

285 4075 441 4143 publicavit,
453 4072 823 4129 etinealtl.Varronisiura·
858 4074 886 4128 in
905 4076 1012 4130 Asinio:
1037 4072 1117 4141 cujus
1139 4070 1287 4125 orationem
1307 4070 1402 4123 duram

285 4152 375 4219 giuem
388 4150 609 4221 virentisposuit.
639 4150 742 4205 Plinius
752 4150 821 4206 vu.
858 4152 939 4205 luisse
949 4150 1060 4206 Tacitus
1071 4155 1165 4203 auctor
1177 4152 1227 4201 ost.
1263 4146 1349 4201 lucre.

285 4234 329 4285 ³⁰.
342 4230 543 4287 etxxxvm
578 4229 657 4285 Mis.
893 4228 1107 4301 Qrtoeres‚qucutr'
1121 4226 1268 4295 oestimemi]
1287 4226 1332 4279 liu
1349 4226 1403 4281 dis-

320 4306 519 4382 eurum]
538 4306 640 4362 Cannio
657 4308 708 4362 luit
727 4306 824 4363 Oretu-
858 4306 1044 4377 tinguendum.
1061 4306 1196 4361 Miraberu
1215 4304 1301 4361 lursun
1319 4310 1346 4359 ot
1362 4322 1404 4357 ro·

285 4398 382 4440 sunum
400 4388 465 4441 nrbs
485 4390 611 4451 marium.
630 4387 743 4443 Baeticte
763 4388 823 4441 riuis
858 4387 1062 4457 gabis2'qunnti
1080 4385 1212 4441 aestimem
1230 4383 1296 4437 illud
1309 4383 1402 4436 erubu-

285 4475 378 4515 *που
389 4463 536 4530 Orientem,
543 4468 638 4523 sitaad
649 4466 733 4521 Bretis
743 4468 822 4535 ripas,
858 4466 912 4521 lare
929 4470 957 4520 et
974 4464 1060 4533 jocari
1078 4480 1141 4521 curn
1159 4462 1304 4519 Ciceronel
1329 4458 1356 4517 J.
1370 4460 1402 4516 F.

285 4536 365 4593 Ml!
376 4538 494 4613 ase..
504 4546 539 4601 de
553 4546 679 4617 quavide
689 4545 823 4601 Lndorici
859 4546 985 4603 Gronov.
