3225 5175
595 292 929 359 PuAEuuulo.
1265 295 1300 358 ix

221 458 440 545 conjecturam
456 454 587 518 licenti
601 450 752 519 Tullium
765 473 858 539 ergo,
872 460 931 516 out
943 453 1016 538 ejus
1031 452 1199 519 custodem
1214 450 1292 522 ecri-

224 568 362 649 nierum,
386 574 420 630 et
444 562 625 630 studiorum
650 562 846 651 adjutorem,
869 561 1050 628 excitemus
1074 563 1232 633 Tironem
1252 565 1296 632 ab

205 660 346 754 'inferia
362 684 399 740 ut
419 674 620 740 sciscitemur
641 672 681 736 de
707 670 828 754 multis,
852 695 925 759 qua
951 672 1002 737 illi
1028 674 1149 739 habent
1172 694 1293 760 secum,

222 795 404 872 servantque
428 784 581 871 iepulcro.
631 780 720 846 Nam
745 780 835 868 quod
857 781 1023 866 Sigonius,
1047 804 1085 848 ae
1109 783 1292 870 Manutius,

222 896 444 961 Romanarum
468 914 579 958 rerum
600 891 746 978 apprime
768 890 875 976 gnari,
894 899 994 977 atque
1013 891 1047 955 iu
1070 892 1292 961 Ciceronianis

222 1004 467 1092 supramodum
490 1001 622 1085 curiosi,
642 999 684 1065 ad
706 1000 790 1063 hane
811 1000 1091 1086 investigationem
1112 1025 1207 1070 omne
1224 1015 1293 1072 stu·

172 1188 177 1197 ,
220 1114 310 1180 diurn
327 1112 556 1180 contuleruut:
580 1115 699 1193 tamen,
722 1132 797 1197 quae
819 1109 883 1173 luit
905 1108 1037 1175 illorum
1057 1114 1221 1181 homiuum
1235 1117 1291 1184 vel

221 1225 406 1310 prudentia,
423 1223 474 1288 vel
494 1221 662 1303 modestia,
677 1220 912 1286 continuerunt
925 1241 972 1303 se,
989 1242 1030 1285 ne
1042 1223 1121 1309 quid
1133 1238 1291 1295 novarent

222 1334 255 1398 iu
274 1332 423 1420 vulgatis.
467 1331 614 1412 Quorum
630 1330 858 1395 verecundiam
882 1332 944 1396 lroe
964 1332 1110 1398 aemulari
1128 1358 1180 1400 me
1198 1336 1291 1403 deest

219 1444 333 1531 magis,
349 1466 414 1531 quo
428 1442 632 1529 diligentiam
647 1442 753 1506 minus
770 1463 911 1529 possum.

259 1554 451 1641 Quanquam
467 1553 501 1617 iu
519 1553 579 1617 bac
594 1550 738 1617 editione
764 1552 930 1637 provisum
946 1561 980 1617 et
993 1552 1075 1619 illud
1090 1563 1151 1639 est,
1166 1579 1208 1623 ne
1223 1580 1290 1625 om·

216 1666 267 1731 nis
281 1665 484 1731 desideretur
499 1686 539 1728 ee
550 1662 686 1743 utilitas,
699 1683 798 1749 quam
811 1660 945 1727 afferret
960 1685 1062 1731 novus
1075 1668 1288 1754 epistolarum

215 1776 308 1859 ordo,
331 1798 389 1864 per
411 1790 514 1841 annoe
534 1783 568 1838 et
588 1772 750 1839 Consules
776 1772 978 1839 distributus.
1022 1776 1186 1874 Tabulam
1200 1782 1287 1849 enim

215 1885 590 1953 columellisdistinetam
600 1884 776 1967 exhibebo,
786 1906 853 1971 qua
862 1883 1111 1969 demonstretur,
1120 1912 1287 1979 quo-qum·

215 2018 280 2085 que
295 1997 485 2061 situumero
499 1995 541 2061 ad
556 1995 741 2061 historicam
757 2016 866 2060 rerum
882 1995 1031 2061 notitiam
1044 1996 1192 2087 legenda.
1215 2002 1286 2069 Ne·

219 2128 283 2192 que
296 2108 448 2171 tamenin
460 2104 633 2192 multiplici
645 2105 885 2192 conjectionum
899 2105 993 2191 copia
1005 2129 1148 2175 errorem
1159 2133 1287 2181 omnem

217 2224 374 2301 prestare
388 2216 499 2279 ausim.
542 2213 582 2277 ld
596 2213 709 2310 selegi,
722 2215 810 2301 quod
830 2216 965 2301 propius
981 2215 1083 2280 visum
1099 2227 1148 2281 est
1162 2219 1203 2283 ad
1217 2222 1288 2287 veri

215 2326 357 2411 speciem
382 2324 548 2390 accedere.
595 2322 646 2388 lta
669 2332 703 2389 et
728 2333 982 2411 consequentur,
1008 2327 1096 2413 quod
1121 2328 1287 2412 volebant,

216 2434 424 2501 historiarum
437 2434 578 2513 curiosi;
603 2444 636 2499 et
650 2435 793 2502 mauebit
807 2435 966 2501 librorum
990 2446 1091 2524 atque
1109 2439 1285 2507 editionum

215 2554 361 2612 veterum
376 2569 463 2613 usus.

254 2657 405 2723 Alterum
427 2660 490 2722 fuit
502 2659 665 2744 quoddam
687 2661 888 2746 postulatum
910 2662 951 2727 de
966 2663 1283 2734 Commentariorum

214 2769 278 2834 situ
291 2777 325 2834 et
337 2768 572 2834 collocatione:
596 2769 630 2832 iu
645 2790 712 2855 quo
726 2768 824 2832 nimis
835 2792 968 2856 pugnax
980 2773 1094 2835 contra
1109 2777 1287 2844 monitores

214 2879 333 2944 amicos
348 2901 418 2944 esse
432 2901 491 2944 nec
506 2877 608 2958 volui,
623 2900 682 2942 nec
704 2877 813 2943 debui.
859 2880 1014 2964 Proinde,
1031 2883 1091 2946 etsi
1105 2883 1190 2950 illud
1203 2909 1286 2953 sem·

167 2964 174 2976 .
212 3011 378 3077 peraeque
393 2989 580 3076 comprobo,
602 2988 691 3076 quod
706 2988 801 3053 initio
816 2990 848 3052 in
864 2989 1060 3076 explicanda
1078 2997 1205 3061 consilii
1222 3001 1283 3065 mei

212 3100 340 3165 ratione
353 3099 477 3186 scripsi,
494 3121 565 3164 eam
588 3098 851 3187 suppellectilem
875 3103 1055 3168 universam
1079 3105 1113 3169 in
1136 3115 1286 3175 extrema

212 3209 387 3276 voluminis
399 3218 503 3297 parte,
515 3210 569 3274 ubi
581 3213 623 3275 ab
634 3210 823 3276 volentibus
834 3220 932 3298 atque
941 3215 1113 3300 egentibus
1123 3217 1283 3304 visatur⁴,

210 3327 299 3386 stare
312 3319 439 3402 melius,
454 3343 552 3407 quam
567 3321 595 3386 si
614 3343 676 3408 per
696 3321 841 3409 singalas
861 3323 933 3387 t'usa
956 3324 1102 3412 paginas,
1126 3327 1283 3398 sollicitet

209 3433 344 3514 inritae,
358 3439 456 3518 atque
469 3454 489 3495 a
503 3440 675 3497 contextus
696 3432 920 3518 perpetuitate
935 3445 1086 3502 revocet:
1109 3460 1174 3504 non
1189 3463 1282 3508 recu·

209 3546 281 3612 ravi
290 3552 408 3624 tamem
419 3540 498 3629 quid
508 3542 542 3606 id
552 3542 690 3606 facerem
703 3543 736 3606 in
749 3542 919 3628 Epistolis,
932 3544 1021 3632 quod
1032 3546 1094 3611 feei
1100 3550 1169 3634 jam
1181 3561 1281 3619 anteo

209 3655 244 3720 in
260 3651 475 3740 Fragmentis,
491 3653 551 3717 lroc
566 3659 628 3731 est,
641 3652 754 3718 iisdem
770 3654 899 3741 paginis
918 3653 1123 3742 Ciceronem,
1142 3663 1279 3752 ejusque

208 3767 404 3852 interpretes
418 3766 661 3854 conjungerem.
691 3762 823 3851 Quippe
835 3765 941 3830 minua
953 3768 1139 3848 verendum,
1157 3793 1197 3837 ue
1211 3796 1289 3840 me·.

207 3875 262 3941 die
276 3875 361 3938 torte
374 3873 408 3937 in
423 3873 573 3961 epistola,
587 3895 659 3940 cum
673 3873 849 3940 breviculis
867 3877 944 3960 siut,
958 3866 1112 3945 lectorem
1126 3894 1274 3948 coustan-

204 3985 255 4050 tia
268 3983 418 4048 deficiat:
442 4005 549 4071 neque
564 3983 617 4049 hie
630 4006 671 4049 ea
684 3994 745 4066 est,
761 4007 839 4073 quae
848 3985 924 4051 aliis
937 3987 971 4051 in
985 3987 1089 4069 libris,
1105 4013 1276 4078 argumen-

206 4103 314 4160 torum
338 4094 567 4183 rationumque
580 4095 794 4176 continuatio,
818 4095 904 4161 unde
926 4099 1030 4164 averti
1045 4101 1187 4165 animum
1199 4123 1273 4169 aon

202 4212 366 4292 oporteat.
411 4203 478 4270 Sed
499 4213 606 4269 tamen
628 4205 689 4270 lroe
708 4227 840 4272 monere
864 4228 928 4271 non
944 4205 1098 4291 desinam,
1114 4229 1273 4279 commen·

201 4316 297 4380 tariis
312 4317 448 4402 perinde
463 4317 618 4382 utendum
633 4337 714 4400 esse,
729 4335 767 4381 ec
789 4315 1041 4401 medicamentis,
1057 4338 1206 4402 parcere
1220 4345 1271 4389 so·

388 4506 401 4535 ⁹
418 4503 456 4552 De
465 4501 572 4552 Editioue
584 4501 705 4552 Parisicmi
715 4501 739 4550 id
750 4502 845 4566 quidem
856 4501 1029 4566 intelligendum
1040 4509 1081 4548 est

240 4591 305 4634 vot..
319 4593 349 4634 ll·
690 4587 693 4596 '
751 4593 766 4630 B
